@article{StarWhitePaper_2005,
      author         = "Adams, John and others",
      title          = "{Experimental and theoretical challenges in the search
                        for the quark gluon plasma: The STAR Collaboration's
                        critical assessment of the evidence from RHIC collisions}",
      collaboration  = "STAR Collaboration",
      journal        = "Nucl. Phys.",
      volume         = "A757",
      year           = "2005",
      pages          = "102-183",
      doi            = "10.1016/j.nuclphysa.2005.03.085",
      NOeprint         = "nucl-ex/0501009",
      archivePrefix  = "arXiv",
      primaryClass   = "nucl-ex",
}

@article{PhenixWhitePaper_2005,
      author         = "Adcox, K. and others",
      title          = "{Formation of dense partonic matter in relativistic
                        nucleus-nucleus collisions at RHIC: Experimental
                        evaluation by the PHENIX collaboration}",
      collaboration  = "PHENIX Collaboration",
      journal        = "Nucl. Phys.",
      volume         = "A757",
      year           = "2005",
      pages          = "184-283",
      doi            = "10.1016/j.nuclphysa.2005.03.086",
      NOeprint         = "nucl-ex/0410003",
      archivePrefix  = "arXiv",
      primaryClass   = "nucl-ex",
}

@article{LhcSummary_2012,
      author         = "Muller, Berndt and Schukraft, Jurgen and Wyslouch,
                        Boleslaw",
      title          = "{First Results from Pb+Pb collisions at the LHC}",
      journal        = "Ann. Rev. Nucl. Part. Sci.",
      volume         = "62",
      year           = "2012",
      pages          = "361-386",
      doi            = "10.1146/annurev-nucl-102711-094910",
      NOeprint         = "1202.3233",
      archivePrefix  = "arXiv",
      primaryClass   = "hep-ex",
      reportNumber   = "CERN-OPEN-2012-005",
}

@article{Adamczyk:2015ukd,
      author         = "Adamczyk, L. and others",
      title          = "{Centrality and transverse momentum dependence of
                        elliptic flow of multistrange hadrons and $\phi$ meson in
                        Au+Au collisions at $\sqrt{s_{NN}}$ = 200 GeV}",
      collaboration  = "STAR Collaboration",
      journal        = "Phys. Rev. Lett.",
      volume         = "116",
      year           = "2016",
      number         = "6",
      pages          = "062301",
      doi            = "10.1103/PhysRevLett.116.062301",
      noeprint         = "1507.05247",
      archivePrefix  = "arXiv",
      primaryClass   = "nucl-ex"
}

@article{Abelev:2014pua,
      author         = "Abelev, Betty Bezverkhny and others",
      title          = "{Elliptic flow of identified hadrons in Pb-Pb collisions
                        at $ \sqrt{s_{\mathrm{NN}}}=2.76 $ TeV}",
      collaboration  = "ALICE Collaboration",
      journal        = "JHEP",
      volume         = "06",
      year           = "2015",
      pages          = "190",
      doi            = "10.1007/JHEP06(2015)190",
      NOeprint         = "1405.4632",
      archivePrefix  = "arXiv",
      primaryClass   = "nucl-ex",
      reportNumber   = "CERN-PH-EP-2014-104",
      SLACcitation   = "%%CITATION = ARXIV:1405.4632;%%"
}

@article{Moore:2004tg,
      author         = "Moore, Guy D. and Teaney, Derek",
      title          = "{How much do heavy quarks thermalize in a heavy ion
                        collision?}",
      journal        = "Phys. Rev. C",
      volume         = "71",
      year           = "2005",
      pages          = "064904",
      doi            = "10.1103/PhysRevC.71.064904",
      NOeprint         = "hep-ph/0412346",
      archivePrefix  = "arXiv",
      primaryClass   = "hep-ph",
}

@article{Rapp:2008qc,
      author         = "Rapp, Ralf and van Hees, Hendrik",
      title          = "{Heavy Quark Diffusion as a Probe of the Quark-Gluon
                        Plasma}",
      year           = "2008",
      eprint         = "0803.0901",
      archivePrefix  = "arXiv",
      primaryClass   = "hep-ph",
}

@article{Star_D_pp_2012,
      author = "Adamczyk, L. and others",
      title = {Measurements of ${D}^{0}$ and ${D}^{\mathbf{*}}$ production in $p\mathbf{+}p$ collisions at $\sqrt{s}\mathbf{=}200\text{ }\text{ }\mathrm{GeV}$},
      collaboration = "STAR Collaboration",
      journal = "Phys. Rev. D",
      volume = "86",
      issue = "7",
      pages = "072013",
      numpages = "14",
      year = "2012",
      month = "Oct",
      publisher = "American Physical Society",
      doi = "10.1103/PhysRevD.86.072013",
}

@article{Ziwei_Lin_1995,
  author = "Lin, Ziwei and Gyulassy, Miklos",
  title = {Open charm as a probe of preequilibrium dynamics in nuclear collisions},
  journal = "Phys. Rev. C",
  volume = "51",
  issue = "4",
  pages = "2177--2187",
  numpages = "0",
  year = "1995",
  month = "Apr",
  publisher = "American Physical Society",
  doi = "10.1103/PhysRevC.51.2177",
}

@article{Cacciari:2005,
  author = "Cacciari, Matteo and Nason, Paolo and Vogt, Ramona",
  title = {QCD Predictions for Charm and Bottom Quark Production at RHIC},
  journal = "Phys. Rev. Lett.",
  volume = "95",
  issue = "12",
  pages = "122001",
  numpages = "4",
  year = "2005",
  month = "Sep",
  publisher = "American Physical Society",
  doi = "10.1103/PhysRevLett.95.122001",
}

@article{Moore:2005,
  title = {How much do heavy quarks thermalize in a heavy ion collision?},
  author = "Moore, Guy D. and Teaney, Derek",
  journal = "Phys. Rev. C",
  volume = "71",
  issue = "6",
  pages = "064904",
  numpages = "19",
  year = "2005",
  month = "Jun",
  publisher = "American Physical Society",
  doi = "10.1103/PhysRevC.71.064904",
}

@article{Star_D_RAA:2014,
      author         = "Adamczyk, L. and others",
      title          = "{Observation of $D^0$ Meson Nuclear Modifications in
                        Au+Au Collisions at $\sqrt{s_{NN}}$ = 200\,GeV}",
      collaboration  = "STAR Collaboration",
      journal        = "Phys. Rev. Lett.",
      volume         = "113",
      year           = "2014",
      number         = "14",
      pages          = "142301",
      doi            = "10.1103/PhysRevLett.113.142301",
      NOeprint         = "1404.6185",
      archivePrefix  = "arXiv",
      primaryClass   = "nucl-ex",
      note           = " Erratum: Phys. Rev. Lett. $\bold{121}$, 229901 (2018)",
}

@article{Star_D_RAA_corr:2018,
  title = "{Erratum: Observation of ${D}^{0}$ Meson Nuclear Modifications in $\mathrm{Au}+\mathrm{Au}$ Collisions at $\sqrt{{s}_{\mathrm{NN}}}=200\text{ }\text{ }\mathrm{GeV}$ [Phys. Rev. Lett. 113, 142301 (2014)]}",
  author = "Adamczyk, L. and others",
  collaboration = "STAR Collaboration",
  journal = "Phys. Rev. Lett.",
  volume = "121",
  issue = "22",
  pages = "229901",
  numpages = "4",
  year = "2018",
  month = "Nov",
  publisher = "American Physical Society",
  doi = "10.1103/PhysRevLett.121.229901",
  url = "https://link.aps.org/doi/10.1103/PhysRevLett.121.229901",
}

@article{Star_D_v2:2017,
      author         = "Adamczyk, L. and others",
      title          = "{Measurement of $D^0$ Azimuthal Anisotropy at Midrapidity
                        in Au+Au Collisions at $\sqrt{s_{NN}}$=200  GeV}",
      collaboration  = "STAR Collaboration",
      journal        = "Phys. Rev. Lett.",
      volume         = "118",
      year           = "2017",
      number         = "21",
      pages          = "212301",
      doi            = "10.1103/PhysRevLett.118.212301",
      NOeprint         = "1701.06060",
      archivePrefix  = "arXiv",
      primaryClass   = "nucl-ex",
      SLACcitation   = "%%CITATION = ARXIV:1701.06060;%%"
}

@article{charm_frag:2016,
  author="Lisovyi, Mykhailo and Verbytskyi, Andrii and Zenaiev, Oleksandr",
  title="{Combined analysis of charm-quark fragmentation-fraction measurements}",
  journal="Eur. Phys. J. C",
  year="2016",
  month="Jul",
  day="14",
  volume="76",
  number="7",
  pages="397",
}

@article{Alice_D_RAA_1:2012,
      author         = "Abelev, Betty and others",
      title          = "{Suppression of high transverse momentum D mesons in
                        central Pb-Pb collisions at $\sqrt{s_{NN}}$ = 2.76\,TeV}",
      collaboration  = "ALICE Collaboration",
      journal        = "JHEP",
      volume         = "09",
      year           = "2012",
      pages          = "112",
      doi            = "10.1007/JHEP09(2012)112",
      NOeprint         = "1203.2160",
      archivePrefix  = "arXiv",
      primaryClass   = "nucl-ex",
      reportNumber   = "CERN-PH-EP-2012-069",
}

@article{Alice_D_RAA_2:2016,
      author         = "Adam, Jaroslav and others",
      title          = "{Transverse momentum dependence of D-meson production in
                        Pb-Pb collisions at $\sqrt{s_{\rm NN}}$ = 2.76\,TeV}",
      collaboration  = "ALICE Collaboration",
      journal       = "JHEP",
      volume      = "03",
      year           = "2016",
      pages        = "081",
      doi             = "10.1007/JHEP03(2016)081",
      NOeprint         = "1509.06888",
      archivePrefix  = "arXiv",
      primaryClass   = "nucl-ex",
      reportNumber   = "CERN-PH-EP-2015-252",
}

@article{Alice_D_v2_276TeV_PRL:2013,
      author         = "Abelev, B. and others",
      title          = "{D meson elliptic flow in non-central Pb-Pb collisions at
                        $\sqrt{s_{\rm NN}}$ = 2.76\,TeV}",
      collaboration  = "ALICE Collaboration",
      journal        = "Phys. Rev. Lett.",
      volume         = "111",
      year           = "2013",
      pages          = "102301",
      doi            = "10.1103/PhysRevLett.111.102301",
      NOeprint         = "1305.2707",
      archivePrefix  = "arXiv",
      primaryClass   = "nucl-ex",
      reportNumber   = "CERN-PH-EP-2013-085",
}

@article{Alice_D_v2_276TeV_PRC:2014,
      author         = "Abelev, Bezverkhny and others",
      title          = "{Azimuthal anisotropy of D meson production in Pb-Pb
                        collisions at $\sqrt{s_{\rm NN}}$ = 2.76\,TeV}",
      collaboration  = "ALICE Collaboration",
      journal        = "Phys. Rev. C",
      volume         = "90",
      year           = "2014",
      number         = "3",
      pages          = "034904",
      doi            = "10.1103/PhysRevC.90.034904",
      NOeprint         = "1405.2001",
      archivePrefix  = "arXiv",
      primaryClass   = "nucl-ex",
      reportNumber   = "CERN-PH-EP-2014-083",
}

@article{CMS_D_RAA_5TeV:2018,
      author         = "Sirunyan, Albert M and others",
      title          = "{Nuclear modification factor of D0 mesons in PbPb
                        collisions at sqrt(s[NN]) = 5.02 TeV}",
      collaboration  = "CMS Collaboration",
      journal = "Phys. Lett. B",
      volume = "782",
      pages = "474 - 496",
      year = "2018",
      issn = "0370-2693",
      doi = "https://doi.org/10.1016/j.physletb.2018.05.074",
      url = "http://www.sciencedirect.com/science/article/pii/S0370269318304386",
}

@article{CMS_D_vn_5TeV:2018,
      author         = "Sirunyan, Albert M and others",
      title          = "{Measurement of prompt $D^0$ meson azimuthal anisotropy
                        in PbPb collisions at $\sqrt{{s}_{NN}}$ = 5.02 TeV}",
      collaboration  = "CMS Collaboration",
      journal = "Phys. Rev. Lett.",
      volume = "120",
      issue = "20",
      pages = "202301",
      numpages = "17",
      year = "2018",
      month = "May",
      publisher = "American Physical Society",
      doi = "10.1103/PhysRevLett.120.202301",
      url = "https://link.aps.org/doi/10.1103/PhysRevLett.120.202301",
}

@article{Duke:2015,
      author         = "Cao, S. and Qin, G. and Bass, S. ",
      title          = "{Energy loss, hadronization and hadronic interactions of heavy flavors in relativistic heavy-ion collisions}",
      journal        = "Phys. Rev. C",
      volume         = "92",
      year           = "2015",
      pages          = "024907",
      doi            = "10.1103/PhysRevC.92.024907",
      NOeprint         = "1505.01413",
      archivePrefix  = "arXiv",
      primaryClass   = "nucl-th",
}

@MISC{DukePrivateCom,
	 author = "Xu, Yingru",
     title = "",
     howpublished = "private communication",
}

@article{pdg:2018,
  author = "Tanabashi, M. and others",
  title = "{Review of Particle Physics}",
  collaboration = "Particle Data Group",
  journal = "Phys. Rev. D",
  volume = "98",
  issue = "3",
  pages = "030001",
  numpages = "1898",
  year = "2018",
  month = "Aug",
  publisher = "American Physical Society",
  doi = "10.1103/PhysRevD.98.030001",
  url = "https://link.aps.org/doi/10.1103/PhysRevD.98.030001",
}

@article{pdg:2020,
    author = "Zyla, P.A. and others",
    collaboration = "Particle Data Group",
    title = "{Review of Particle Physics}",
    doi = "10.1093/ptep/ptaa104",
    journal = "PTEP",
    volume = "2020",
    number = "8",
    pages = "083C01",
    year = "2020"
}

% KF particle reference
@article{Kisel:2018nvd,
    author = "Kisel, Ivan",
    editor = "Aichelin, Joerg and Bellwied, Rene and Bratkovskaya, Elena and Timmins, Anthony",
    collaboration = "CBM Collaboration",
    title = "{Event Topology Reconstruction in the CBM Experiment}",
    doi = "10.1088/1742-6596/1070/1/012015",
    journal = "J. Phys. Conf. Ser.",
    volume = "1070",
    number = "1",
    pages = "012015",
    year = "2018"
}

@article{GEANT3:1994,
      author         = "Brun, René and others",
      title          = "{GEANT Detector Description and Simulation Tool}",
      doi            = "10.17181/CERN.MUHF.DMJ1",
      year           = "1994",
      reportNumber   = "CERN-W5013, CERN-W-5013, W5013, W-5013",
      SLACcitation   = "%%CITATION = CERN-W5013;%%"
}

@article{GEANT4:2003,
title = "{Geant4—a simulation toolkit}",
journal = "Nucl. Instrum. Meth. A",
volume = "506",
number = "3",
pages = "250 - 303",
year = "2003",
issn = "0168-9002",
doi = "https://doi.org/10.1016/S0168-9002(03)01368-8",
url = "http://www.sciencedirect.com/science/article/pii/S0168900203013688",
author = "S. Agostinelli and others",
}

@article{HIJING:1994,
title = "{HIJING 1.0: A Monte Carlo program for parton and particle production in high energy hadronic and nuclear collisions}",
journal = "Comp. Phys. Comm.",
volume = "83",
number = "2",
pages = "307 - 331",
year = "1994",
issn = "0010-4655",
doi = "https://doi.org/10.1016/0010-4655(94)90057-4",
url = "http://www.sciencedirect.com/science/article/pii/0010465594900574",
author = "Miklos Gyulassy and Xin-Nian Wang",
}

@article{SUBATECH:2014,
     author     = "Ozvenchuk, V. and Torres-Rincon, J.M. and Gossiaux, P.B. and Aichelin, J. and Tolos, L.",
     title          = "{$D$-meson propagation in hadronic matter and consequences for heavy-flavor observables in ultrarelativistic heavy-ion collisions}",
     journal     = "Phys. Rev. C",
     volume    = "90",
     year        = "2014",
     pages     = "054909",
     doi          = "10.1103/PhysRevC.90.054909",
     NOeprint = "1408.4938",
     archivePrefix = "arXiv",
     primaryClass = "hep-ph",
}     

@article{SUBATECH2:2015,
      author         = "Nahrgang, Marlene and Aichelin, Jorg and Bass, Steffen
                        and Gossiaux, Pol Bernard and Werner, Klaus",
      title          = "{Elliptic and triangular flow of heavy flavor in
                        heavy-ion collisions}",
      journal        = "Phys. Rev. C",
      volume         = "91",
      year           = "2015",
      number         = "1",
      pages          = "014904",
      doi            = "10.1103/PhysRevC.91.014904",
      NOeprint         = "1410.5396",
      archivePrefix  = "arXiv",
      primaryClass   = "hep-ph",
}

@MISC{SUBATECHPrivateCom,
     title = "",
     howpublished = "private communication",
}

@article{TAMU:2012,
      author         = "He, Min and Fries, Rainer J. and Rapp, Ralf",
      title          = "{Heavy-Quark Diffusion and Hadronization in Quark-Gluon
                        Plasma}",
      journal        = "Phys. Rev. C",
      volume         = "86",
      year           = "2012",
      pages          = "014903",
      doi            = "10.1103/PhysRevC.86.014903",
      NOeprint         = "1106.6006",
      archivePrefix  = "arXiv",
      primaryClass   = "nucl-th",
}

@article{TAMU2:2013,
      author         = "He, Min and Fries, Rainer J. and Rapp, Ralf",
      title          = "{$\mathbf{D_s}$-Meson as Quantitative Probe of Diffusion
                        and Hadronization in Nuclear Collisions}",
      journal = "Phys. Rev. Lett.",
      volume = "110",
      issue = "11",
      pages = "112301",
      numpages = "5",
      year = "2013",
      month = "Mar",
      publisher = "American Physical Society",
      doi = "10.1103/PhysRevLett.110.112301",
      url = "https://link.aps.org/doi/10.1103/PhysRevLett.110.112301",
}

@MISC{TAMUPrivateCom,
     title = "",
     howpublished = "private communication",
}

@article{LBT:2016,
      author      = "Cao, Shanshan and Luo, Tan and Qin, Guang-You and Wang, Xin-Nian",
      title           = "{Linearized Boltzmann transport model for jet propagation in the quark-gluon plasma: Heavy quark evolution}",
      journal      = "Phys. Rev. C",
      volume     = "94",
      year          = "2016",
      pages       = "014909",
      doi            = "10.1103/PhysRevC.94.014909",
      Noeprint   = "1605.06447",
      archivePrefix = "arXiv",
      primaryClass  = "nucl-th",
 }     

@article{Torino:2011,
      author         = "Alberico, W. M. and Beraudo, A. and De Pace, A. and
                        Molinari, A. and Monteno, M. and Nardi, M. and Prino, F.",
      title          = "{Heavy-flavour spectra in high energy nucleus-nucleus
                        collisions}",
      journal        = "Eur. Phys. J.",
      volume         = "C71",
      year           = "2011",
      pages          = "1666",
      doi            = "10.1140/epjc/s10052-011-1666-6",
      NOeprint         = "1101.6008",
      archivePrefix  = "arXiv",
      primaryClass   = "hep-ph",
}

@article{Torino2:2015,
      author         = "Beraudo, A. and De Pace, A. and Monteno, M. and Nardi, M.
                        and Prino, F.",
      title          = "{Heavy flavors in heavy-ion collisions: quenching, flow
                        and correlations}",
      journal        = "Eur. Phys. J.",
      volume         = "C75",
      year           = "2015",
      number         = "3",
      pages          = "121",
      doi            = "10.1140/epjc/s10052-015-3336-6",
      NOeprint         = "1410.6082",
      archivePrefix  = "arXiv",
      primaryClass   = "hep-ph",
}

@article{PHSD:2014,
      author         = "Berrehrah, H. and Gossiaux, P. B. and Aichelin, J. and
                        Cassing, W. and Torres-Rincon, J. M. and Bratkovskaya, E.",
      title          = "{Transport coefficients of heavy quarks around $T_c$ at
                        finite quark chemical potential}",
      journal        = "Phys. Rev. C",
      volume         = "90",
      year           = "2014",
      pages          = "051901",
      doi            = "10.1103/PhysRevC.90.051901",
      NOeprint         = "1406.5322",
      archivePrefix  = "arXiv",
      primaryClass   = "hep-ph",
}

@article{PHSD2:2015,
      author         = "Song, T. and Berrehrah, H. and Cebrera, D. and Torres-Rincon, J.M. and Tolos, L. and
		      	Cassing, W. and Bratkovskaya, E.",
      title          = "{Tomography of the quark-gluon plasm by charm quarks}",
      journal        = "Phys. Rev. C",
      volume         = "92",
      year           = "2015",
      number         = "1",
      pages          = "014910",
      doi            = "10.1103/PhysRevC.92.014910",
      NOeprint         = "1503.03039",
      archivePrefix  = "arXiv",
      primaryClass   = "nucl-ph",
}

@article{PhenixNpe:2007,
      author         = "Adare, A. and others",
      title          = "{Energy Loss and Flow of Heavy Quarks in Au+Au Collisions
                        at $\sqrt{s_{\rm NN}}$ = 200\,GeV}",
      collaboration  = "PHENIX Collaboration",
      journal        = "Phys. Rev. Lett.",
      volume         = "98",
      year           = "2007",
      pages          = "172301",
      doi            = "10.1103/PhysRevLett.98.172301",
      NOeprint         = "nucl-ex/0611018",
      archivePrefix  = "arXiv",
      primaryClass   = "nucl-ex",
}

@article{PhenixNpe2:2011,
      author         = "Adare, A. and others",
      title          = "{Heavy-quark production in p+p and energy loss and flow of heavy quarks in Au+Au collisions at $\sqrt{s_{\rm NN}}$ = 200\,GeV}",
      collaboration  = "PHENIX Collaboration",
      journal        = "Phys. Rev. C",
      volume         = "84",
      year           = "2011",
      pages          = "044905",
      doi            = "10.1103/PhysRevC.84.044905",
}

@article{STARNpe:2014,
	author    = "Adamczyk, L. and others",
	collaboration = "STAR Collaboration",
	year  = "2014",
        eprint      = "1405.6348",
        archivePrefix = "arXiv",
        primaryClass  = "hep-ex",
}	

@article{BAMPS:2012,
      author         = "Uphoff, Jan and Fochler, Oliver and Xu, Zhe and Greiner,
                        Carsten",
      title          = "{Open Heavy Flavor in Pb+Pb Collisions at $\sqrt{s}$ = 2.76
                        TeV within a Transport Model}",
      journal        = "Phys. Lett.",
      volume         = "B717",
      year           = "2012",
      pages          = "430-435",
      doi            = "10.1016/j.physletb.2012.09.069",
      NOeprint         = "1205.4945",
      archivePrefix  = "arXiv",
      primaryClass   = "hep-ph",
}

@article{BAMPS2:2014,
      author         = "Uphoff, Jan and Fochler, Oliver and Xu, Zhe and Greiner,
                        Carsten",
      title          = "{Elastic vs. radiative heavy quark energy loss within a
                        transport model}",
      journal        = "Nucl. Phys.",
      volume         = "A932",
      year           = "2014",
      pages          = "247-252",
      doi            = "10.1016/j.nuclphysa.2014.07.024",
}

@article{LANL:2009,
      author         = "Sharma, Rishi and Vitev, Ivan and Zhang, Ben-Wei",
      title          = "{Light-cone wave function approach to open heavy flavor
                        dynamics in QCD matter}",
      journal        = "Phys. Rev. C",
      volume         = "80",
      year           = "2009",
      pages          = "054902",
      doi            = "10.1103/PhysRevC.80.054902",
      NOeprint         = "0904.0032",
      archivePrefix  = "arXiv",
      primaryClass   = "hep-ph",
}


@article{hydroPang:2015,
      author         = "Pang, Long Gang and Hatta, Yoshitaka and Wang, Xin Nian
                        and Xiao, Bo Wen",
      title          = "{Analytical and numerical Gubser solutions of the
                        second-order hydrodynamics}",
      journal        = "Phys. Rev. D",
      volume         = "91",
      year           = "2015",
      pages          = "074027",
      doi            = "10.1103/PhysRevD.91.074027",
      NOeprint         = "1411.7767",
      archivePrefix  = "arXiv",
      primaryClass   = "hep-ph",
}

@article{hydroPang2:2012,
      author         = "Pang, Long Gang and Wang, Qun and Wang, Xin Nian",
      title          = "{Effects of initial flow velocity fluctuation in event-by-event (3+1)D hydrodynamics}",
      journal        = "Phys. Rev. C",
      volume         = "86",
      year           = "2012",
      pages          = "024911",
      doi            = "10.1103/PhysRevC.86.024911",
      NOeprint         = "1205.5019",
      archivePrefix  = "arXiv",
      primaryClass   = "nucl-th",
}

@MISC{hydroPrivateCom,
     title = "",
     howpublished = "private communication",
}

@article{latticeBanerjee:2012,
      author         = "Banerjee, Debasish and Datta, Saumen and Gavai, Rajiv and
                        Majumdar, Pushan",
      title          = "{Heavy Quark Momentum Diffusion Coefficient from Lattice
                        QCD}",
      journal        = "Phys. Rev. D",
      volume         = "85",
      year           = "2012",
      pages          = "014510",
      doi            = "10.1103/PhysRevD.85.014510",
      NOeprint         = "1109.5738",
      archivePrefix  = "arXiv",
      primaryClass   = "hep-lat",
      reportNumber   = "TIFR-TH-11-41",
}

@article{latticeDing:2015,
      author         = "Ding, Heng Tong and Karsch, Frithjof and Mukherjee,
                        Swagato",
      title          = "{Thermodynamics of strong-interaction matter from Lattice
                        QCD}",
      journal        = "Int. J. Mod. Phys.",
      volume         = "E24",
      year           = "2015",
      number         = "10",
      pages          = "1530007",
      doi            = "10.1142/S0218301315300076",
      NOeprint         = "1504.05274",
      archivePrefix  = "arXiv",
      primaryClass   = "hep-lat",
}


@article{HFSummary:2016,
      author         = "Andronic, A. and others",
      title          = "{Heavy-flavour and quarkonium production in the LHC era:
                        from proton-proton to heavy-ion collisions}",
      journal	       = "Eur. Phys. J.",
      volume      = "C76",
      year           = "2016",
      pages        = "107",
      doi             = "10.1140/epjc/s10052-015-3819-5",
      NOeprint         = "1506.03981",
      archivePrefix  = "arXiv",
      primaryClass   = "nucl-ex",
}

@MISC{HFT:2011,
     author    = "Beavis, D. and others",
     title = "The STAR Heavy Flavor Tracker Technical Design Report",
     howpublished = "{\burl{https://drupal.star.bnl.gov/STAR/starnotes/public/sn0600}}",
     url          = "https://drupal.star.bnl.gov/STAR/starnotes/public/sn0600",
     year      = "2011",
}

@article{Contin:2017mck,
      author         = "Contin, Giacomo and others",
      title          = "{The STAR MAPS-based PiXeL detector}",
      journal        = "Nucl. Instrum. Meth.",
      volume         = "A907",
      year           = "2018",
      pages          = "60-80",
      doi            = "10.1016/j.nima.2018.03.003",
      Noeprint         = "1710.02176",
      archivePrefix  = "arXiv",
      primaryClass   = "physics.ins-det",
      SLACcitation   = "%%CITATION = ARXIV:1710.02176;%%"
}

@article{HFTQM14,
      author         = "Qiu, Hao",
      title          = "{STAR heavy flavor tracker}",
      collaboration  = "STAR Collaboration",
      journal        = "Nucl. Phys.",
      volume         = "A931",
      year           = "2014",
      pages          = "1141-1146",
      doi            = "10.1016/j.nuclphysa.2014.08.056",
}

@article{Shao:2005iu,
      author         = "Shao, M. and others",
      title          = "{Extensive particle identification with TPC and TOF at
                        the STAR experiment}",
      journal        = "Nucl. Instrum. Meth.",
      volume         = "A558",
      year           = "2006",
      pages          = "419-429",
      doi            = "10.1016/j.nima.2005.11.251",
      NOeprint         = "nucl-ex/0505026",
      archivePrefix  = "arXiv",
      primaryClass   = "nucl-ex",
      SLACcitation   = "%%CITATION = NUCL-EX/0505026;%%"
}

@article{Xu:2008th,
      author         = "Xu, Yichun and others",
      title          = "{Improving the dE/dx calibration of the STAR TPC for the
                        high-pT hadron identification}",
      journal        = "Nucl. Instrum. Meth.",
      volume         = "A614",
      year           = "2010",
      pages          = "28-33",
      doi            = "10.1016/j.nima.2009.12.011",
      NOeprint         = "0807.4303",
      archivePrefix  = "arXiv",
      primaryClass   = "physics.ins-det",
      SLACcitation   = "%%CITATION = ARXIV:0807.4303;%%"
}
@Article{Adams:2004wz,
     author    = "Adams, J. and others",
     collaboration = "STAR Collaboration",
     title     = "{Azimuthal anisotropy and correlations at large transverse
                  momenta in p  + p and Au + Au collisions at $\sqrt{s_{\rm NN}}$ = 200\,GeV}",
     journal   = "Phys. Rev. Lett.",
     volume    = "93",
     year      = "2004",
     pages     = "252301",
     NOeprint    = "nucl-ex/0407007",
     archivePrefix = "arXiv",
     doi       = "10.1103/PhysRevLett.93.252301",
}

@article{correlationMethod:2001,
      author         = "Borghini, Nicolas and Dinh, Phuong Mai and Ollitrault,
                        Jean-Yves",
      title          = "{A New method for measuring azimuthal distributions in
                        nucleus-nucleus collisions}",
      journal        = "Phys. Rev. C",
      volume         = "63",
      year           = "2001",
      pages          = "054906",
      doi            = "10.1103/PhysRevC.63.054906",
      NOeprint         = "nucl-th/0007063",
      archivePrefix  = "arXiv",
      primaryClass   = "nucl-th",
      reportNumber   = "SACLAY-SPH-T-00-110",
}

@article{correlationMethod2:2011,
      author         = "Bilandzic, Ante and Snellings, Raimond and Voloshin,
                        Sergei",
      title          = "{Flow analysis with cumulants: Direct calculations}",
      journal        = "Phys. Rev. C",
      volume         = "83",
      year           = "2011",
      pages          = "044913",
      doi            = "10.1103/PhysRevC.83.044913",
      NOeprint         = "1010.0233",
      archivePrefix  = "arXiv",
      primaryClass   = "nucl-ex",
}

@article{ksV2:2008,
      author         = "Abelev, B. I. and others",
      title          = "{Centrality dependence of charged hadron and strange
                        hadron elliptic flow from $\sqrt{s_{\rm NN}}$ = 200\,GeV Au + Au
                        collisions}",
      collaboration  = "STAR Collaboration",
      journal        = "Phys. Rev. C",
      volume         = "77",
      year           = "2008",
      pages          = "054901",
      doi            = "10.1103/PhysRevC.77.054901",
      NOeprint         = "0801.3466",
      archivePrefix  = "arXiv",
      primaryClass   = "nucl-ex",
}

@article{phiOmegaV2:2016,
      author         = "Adamczyk, L. and others",
      title          = "{Centrality and transverse momentum dependence of elliptic flow of multi-strange
                         hadrons and $\phi$ meson in Au+Au collisions at $sqrt{s_{\rm NN}}$ = 200\,GeV}",
      collaboration  = "STAR Collaboration",
      journal       = "Phys. Rev. Lett.",
      volume      = "116",
      year           = "2016",
      pages        = "062301",
      doi             = "10.1103/PhysRevLett.116.062301",
      NOeprint         = "1507.05247",
      archivePrefix  = "arXiv",
      primaryClass   = "nucl-ex",
}

@article{RHIC:2003,
      author         = "Hahn, H. and others",
      title          = "{The RHIC design overview}",
      journal        = "Nucl. Instrum. Meth.",
      volume         = "A499",
      pages          = "245-263",
      doi            = "10.1016/S0168-9002(02)01938-1",
      year           = "2003",
}

@article{STAR:2003,
      author         = "Ackermann, K. H. and others",
      title          = "{STAR detector overview}",
      NOcollaboration  = "STAR Collaboration",
      journal        = "Nucl. Instrum. Meth.",
      volume         = "A499",
      pages          = "624-632",
      doi            = "10.1016/S0168-9002(02)01960-5",
      year           = "2003",
}

@Article{TPC:2003,
     author    = "Anderson, M. and others",
     title     = "{The STAR time projection chamber: A unique tool for
                  studying high  multiplicity events at RHIC}",
     journal   = "Nucl. Instrum. Meth.",
     volume    = "A499",
     year      = "2003",
     pages     = "659-678",
     doi       = "10.1016/S0168-9002(02)01964-2",
}

@article{TOF:2012,
      author         = "Llope, W. J.",
      title          = "{Multigap RPCs in the STAR experiment at RHIC}",
      collaboration  = "STAR Collaboration",
      journal        = "Nucl. Instrum. Meth.",
      volume         = "A661",
      year           = "2012",
      pages          = "S110-S113",
      doi            = "10.1016/j.nima.2010.07.086",
}

@article{VPD:2004,
      author         = "Llope, W. J. and others",
      journal        = "Nucl. Instrum. Meth.",
      volume         = "A522",
      year           = "2004",
      pages          = "252",
      doi            = "10.1016/j.nima.2003.11.414",
}

@article{BBC_Whitten:2008,
    author = "Whitten, C. A.",
    editor = "Kponou, Ahovi and Makdisi, Yousef and Zelenski, Anatoli",
    collaboration = "STAR Collaboration",
    title = "{The beam-beam counter: A local polarimeter at STAR}",
    doi = "10.1063/1.2888113",
    journal = "AIP Conf. Proc.",
    volume = "980",
    number = "1",
    pages = "390--396",
    year = "2008"
}

@article{MCGlauber:2009,
	author    = "Abelev, B.I. and others",
        collaboration  = "STAR Collaboration",
	journal   = "Phys. Rev. C",
	volume   = "79",
	year       = "2009",
	pages    = "034909",
	doi       = "10.1103/PhysRevC.79.034909",
}

@article{TMVA:2007,
      author         = "Voss, Helge and others",
      title          = "{TMVA - Toolkit for Multivariate Data Analysis}",
      journal        = "PoS",
      volume         = "ACAT",
      year           = "2007",
      pages          = "040",
      NOeprint         = "physics/0703039",
      archivePrefix  = "arXiv",
      primaryClass   = "PHYSICS",
      reportNumber   = "CERN-OPEN-2007-007",
}

@Article{Poskanzer98:1998,
     author    = "Poskanzer, Arthur M. and Voloshin, S. A.",
     title     = "{Methods for analyzing anisotropic flow in relativistic
                  nuclear  collisions}",
     journal   = "Phys. Rev. C",
     volume    = "58",
     year      = "1998",
     pages     = "1671-1678",
     NOeprint    = "nucl-ex/9805001",
     archivePrefix = "arXiv",
     doi       = "10.1103/PhysRevC.58.1671",
}

@article{Masui:2012zh,
      author         = "Masui, Hiroshi and Schmah, Alexander and Poskanzer, Arthur M.",
      title          = "{Event plane resolution correction for azimuthal
                        anisotropy in wide centrality bins}",
      journal       = "Nucl. Instrum. Meth.",
      volume      = "A833",
      year           = "2016",
      pages        = "181",
      doi             = "10.1016/j.nima.2016.07.037",
      NOeprint         = "1212.3650",
      archivePrefix  = "arXiv",
      primaryClass   = "nucl-ex",
}

@article{GRECO:2004,
title = "Quark coalescence for charmed mesons in ultrarelativistic heavy-ion collisions",
journal = "Phys. Lett. B",
volume = "595",
number = "1",
pages = "202 - 208",
year = "2004",
issn = "0370-2693",
doi = "https://doi.org/10.1016/j.physletb.2004.06.064",
url = "http://www.sciencedirect.com/science/article/pii/S0370269304009037",
author = "V. Greco and C.M. Ko and R. Rapp",
}

@article{Nasim:2016,
    author      = "Esha, Roli and Nasim, Md. and Huang, Huanzhong",
    title       = "{Insight from elliptic flow of open charm mesons using quark
                coalescence model at RHIC and LHC energies}",
    year        = 2016,
    eprint      = "1603.02700",
    archivePrefix = "arXiv",
    primaryClass  = "nucl-th",
}

@article{FONLL:2005,
    author		= "Cacciari, Matteo and Nason, Paolo and Vogt, Ramona",
    title		= "{QCD Predictions for Charm and Bottom Quark Production at RHIC}",
    journal		= "Phys. Rev. Lett.",
    volume 		= "95",
    pages		= "122001",
    year		= "2005",
    howpublished = "{\burl{http://www.lpthe.jussieu.fr/~cacciari/fonll/fonllform.html}}",
    url          	= "http://www.lpthe.jussieu.fr/~cacciari/fonll/fonllform.html",
}
 

@article{NCQscaling:2003,
      author         = "Molnar, Denes and Voloshin, Sergei",
      title          = "{Elliptic Flow at Large Transverse Momenta from Quark Coalescence}",
      journal        = "Phys. Rev. Lett.",
      volume         = "91",
      pages          = "092301",
      doi            = "10.1103/PhysRevLett.91.092301",
      year           = "2003",
}

@article{PHENIXmTscaling:2007,
      author         = "Afanasiev, S. and others",
      title          = "{Elliptic flow for $\phi$ mesons and (anti)deuterons in Au+Au collisions at $\sqrt{s_{\rm NN}}$ = 200\,GeV}",
      collaboration  = "PHENIX Collaboration",
      journal        = "Phys. Rev. Lett.",
      volume         = "99",
      pages          = "052301",
      doi            = "10.1103/PhysRevLett.99.052301",
      year           = "2007",
}

@article{STAReh:2010,
    author       = "Aggarwal, M.M. and others",
    title           = "{Measurement of Bottom Versus Charm as a Function of Transverse Momentum with Electron-Hadron Correlations in p+p collisions at 200\,GeV}",
    collaboration = "STAR Collaboration",
      journal        = "Phys. Rev. Lett.",
      volume         = "105",
      pages          = "202301",
      doi            = "10.1103/PhysRevLett.105.202301",
      year           = "2010",
}

@article{ANDRONIC:200336,
title = "Statistical hadronization of charm in heavy-ion collisions at SPS, RHIC and LHC",
journal = "Phys. Lett. B",
volume = "571",
number = "1",
pages = "36 - 44",
year = "2003",
issn = "0370-2693",
doi = "https://doi.org/10.1016/j.physletb.2003.07.066",
url = "http://www.sciencedirect.com/science/article/pii/S0370269303011535",
author = "A Andronic and others",
keywords = "Statistical hadronization, Open and hidden charm hadrons, / suppression or enhancement",
}

    
@article{PHENIXecb:2016,
    author       = "Adare, A. and others",
    title           = "{Single electron yields from semileptonic charm and bottom hadron decays in Au+Au collisions at $\sqrt{s_{_NN}}$ = 200\,GeV}",
    collaboration = "PHENIX Collaboration",
      journal        = "Phys. Rev. C",
      volume         = "93",
      pages          = "034904",
      doi            = "10.1103/PhysRevC.93.034904",
      year           = "2016",
}
    
@article{Schnedermann:1993ws,
      author         = "Schnedermann, Ekkard and others",
      title          = "{Thermal phenomenology of hadrons from 200-A/GeV S+S collisions}",
      journal        = "Phys. Rev. C",
      volume         = "48",
      year           = "1993",
      pages          = "2462-2475",
      doi            = "10.1103/PhysRevC.48.2462",
      NOeprint         = "nucl-th/9307020",
      archivePrefix  = "arXiv",
      primaryClass   = "nucl-th",
      reportNumber   = "TPR-93-16",
      SLACcitation   = "%%CITATION = NUCL-TH/9307020;%%"
}

@article{Tang:2008ud,
      author         = "Tang, Zebo and others",
      title          = "{Spectra and radial flow at RHIC with Tsallis statistics
                        in a Blast-Wave description}",
      journal        = "Phys. Rev. C",
      volume         = "79",
      year           = "2009",
      pages          = "051901",
      doi            = "10.1103/PhysRevC.79.051901",
      NOeprint         = "0812.1609",
      archivePrefix  = "arXiv",
      primaryClass   = "nucl-ex",
      reportNumber   = "BNL-KB-02-02",
      SLACcitation   = "%%CITATION = ARXIV:0812.1609;%%"
}

@article{Xu:2017obm,
      author         = "Xu, Yingru and others",
      title          = "{A data-driven analysis for the temperature and momentum
                        dependence of the heavy quark diffusion coefficient in
                        relativistic heavy-ion collisions}",
  journal = "Phys. Rev. C",
  volume = "97",
  issue = "1",
  pages = "014907",
  numpages = "14",
  year = "2018",
  month = "Jan",
  publisher = "American Physical Society",
  doi = "10.1103/PhysRevC.97.014907",
  url = "https://link.aps.org/doi/10.1103/PhysRevC.97.014907",
}

@article{Cao:2016gvr,
      author         = "Cao, Shanshan and others",
      title          = "{Linearized Boltzmann transport model for jet propagation
                        in the quark-gluon plasma: Heavy quark evolution}",
      journal        = "Phys. Rev. C",
      volume         = "94",
      year           = "2016",
      number         = "1",
      pages          = "014909",
      doi            = "10.1103/PhysRevC.94.014909",
      NOeprint         = "1605.06447",
      archivePrefix  = "arXiv",
      primaryClass   = "nucl-th",
      SLACcitation   = "%%CITATION = ARXIV:1605.06447;%%"
}

@MISC{LBT:private,
	 author = "Cao, Shanshan",
     title = "",
     howpublished = "private communication",
}

@article{Oh2009,
  author = "Oh, Yongseok and others",
  doi = "10.1103/PhysRevC.79.044905",
  issn = "05562813",
  journal = "Phys. Rev. C",
  number = "4",
  pages = "1--10",
  title = "{Ratios of heavy baryons to heavy mesons in relativistic nucleus-nucleus collisions}",
  volume = "79",
  year = "2009"
}

@article{He2013,
      author         = "He, Min and Fries, Rainer J. and Rapp, Ralf",
      title          = "{$\mathbf{D_s}$-Meson as Quantitative Probe of Diffusion
                        and Hadronization in Nuclear Collisions}",
      journal = "Phys. Rev. Lett.",
      volume = "110",
      issue = "11",
      pages = "112301",
      numpages = "5",
      year = "2013",
      month = "Mar",
      publisher = "American Physical Society",
      doi = "10.1103/PhysRevLett.110.112301",
      url = "https://link.aps.org/doi/10.1103/PhysRevLett.110.112301",
}
    
@article{Adams2006_Identified,
  author = "Abelev, B. I. and others",
  collaboration  = "STAR Collaboration",
  title = "{Identified baryon and meson distributions at large transverse momenta from Au+Au collisions at $\sqrt{s_{_NN}}$ = 200a GeV}",
  journal = "Phys. Rev. Lett.",
  volume = "97",
  issue = "15",
  pages = "152301",
  numpages = "6",
  year = "2006",
  month = "Oct",
  publisher = "American Physical Society",
  doi = "10.1103/PhysRevLett.97.152301",
  url = "https://link.aps.org/doi/10.1103/PhysRevLett.97.152301",
  }

@article{Abelev2009,
  author = "Abelev, B I and others",
        collaboration  = "STAR Collaboration",
  title = "{Measurements of $\phi$ meson production in relativistic heavy-ion collisions at the BNL Relativistic Heavy Ion Collider}",
  journal = "Phys. Rev. C",
  volume = "79",
  issue = "6",
  pages = "064903",
  numpages = "20",
  year = "2009",
  month = "Jun",
  publisher = "American Physical Society",
  doi = "10.1103/PhysRevC.79.064903",
  url = "https://link.aps.org/doi/10.1103/PhysRevC.79.064903",
  }

@article{Agakishiev2012,
  author = "Agakishiev, G and others",
        collaboration  = "STAR Collaboration",
  title = "{Strangeness Enhancement in Cu-Cu and Au-Au Collisions at $\sqrt{s_{_NN}}$ = 200 GeV}",
  journal = "Phys. Rev. Lett.",
  volume = "108",
  issue = "7",
  pages = "072301",
  numpages = "6",
  year = "2012",
  month = "Feb",
  publisher = "American Physical Society",
  doi = "10.1103/PhysRevLett.108.072301",
  url = "https://link.aps.org/doi/10.1103/PhysRevLett.108.072301",
  }

@article{Alice_hadron_RAA:2013,
  title = "Centrality dependence of charged particle production at large transverse momentum in PbPb collisions at sNN=2.76Â TeV",
  journal = "Phys. Lett. B",
  volume = "720",
  number = "1",
  pages = "52 - 62",
  year = "2013",
  issn = "0370-2693",
  doi = "https://doi.org/10.1016/j.physletb.2013.01.051",
  url = "http://www.sciencedirect.com/science/article/pii/S0370269313000920",
  author = "B. Abelev and others",
        collaboration  = "ALICE Collaboration",
}

@article{PhenixPi0:2008,
  title = "Suppression Pattern of Neutral Pions at High Transverse Momentum in $\mathrm{Au}+\mathrm{Au}$ Collisions at $\sqrt{{s}_{NN}}=200\text{ }\text{ }\mathrm{GeV}$ and Constraints on Medium Transport Coefficients",
  author = "Adare, A. and others", 
  collaboration = "PHENIX Collaboration",
  journal = "Phys. Rev. Lett.",
  volume = "101",
  issue = "23",
  pages = "232301",
  numpages = "7",
  year = "2008",
  month = "Dec",
  publisher = "American Physical Society",
  doi = "10.1103/PhysRevLett.101.232301",
  url = "https://link.aps.org/doi/10.1103/PhysRevLett.101.232301"
 }

@article{StarPi0:2007,
author = "B.I. Abelev and others",
title = "{Energy dependence of π±, p and p¯ transverse momentum spectra for Au+Au collisions at sNN=62.4 and 200 GeV}",
collaboration = "STAR Collaboration",
journal = "Phys. Lett. B",
volume = "655",
number = "3",
pages = "104 - 113",
year = "2007",
issn = "0370-2693",
doi = "https://doi.org/10.1016/j.physletb.2007.06.035",
url = "http://www.sciencedirect.com/science/article/pii/S037026930700679X"
}

@article{urQMD:1999,
  author="M Bleicher and others",
  title="Relativistic hadron-hadron collisions in the ultra-relativistic quantum molecular dynamics model",
  journal="J. Phys. G",
  volume="25",
  number="9",
  pages="1859",
  url="http://stacks.iop.org/0954-3899/25/i=9/a=308",
  year="1999"
}
  
@article{Csorgo:1995bi,
      author         = "Csorgo, T. and Lorstad, B.",
      title          = "{Bose-Einstein correlations for three-dimensionally
                        expanding, cylindrically symmetric, finite systems}",
      journal        = "Phys. Rev. C",
      volume         = "54",
      year           = "1996",
      pages          = "1390-1403",
      doi            = "10.1103/PhysRevC.54.1390",
      NOeprint         = "hep-ph/9509213",
      archivePrefix  = "arXiv",
      primaryClass   = "hep-ph",
      reportNumber   = "LUNFD6-NFFL-7082-REV, LUNFD6-NFFL-7082",
      SLACcitation   = "%%CITATION = HEP-PH/9509213;%%"
}

@article{Kolb:2003dz,
      author         = "Kolb, Peter F. and Heinz, Ulrich W.",
      title          = "{Hydrodynamic description of ultrarelativistic heavy ion
                        collisions}",
      journal        = "Quark Gluon Plasma 3",
      year           = "2003",
      pages          = "634-714",
      NOeprint         = "nucl-th/0305084",
      archivePrefix  = "arXiv",
      primaryClass   = "nucl-th",
      reportNumber   = "SUNY-NTG-03-06",
      SLACcitation   = "%%CITATION = NUCL-TH/0305084;%%"
}

@phdthesis{Kaneta:1999lnf,
      author         = "Kaneta, Masashi",
      title          = "{Thermal and Chemical Freeze-out in Heavy Ion
                        Collisions}",
      school         = "Hiroshima U.",
      year           = "1999",
      url            = "https://www.phenix.bnl.gov/~kaneta/phd_thesis/phd.pdf",
      SLACcitation   = "%%CITATION = INSPIRE-1468214;%%"
}

@article{Adams:2003xp,
      author         = "Adams, J. and others",
      title          = "{Identified particle distributions in pp and Au+Au
                        collisions at s(NN)**(1/2) = 200 GeV}",
      collaboration  = "STAR Collaboration",
      journal        = "Phys. Rev. Lett.",
      volume         = "92",
      year           = "2004",
      pages          = "112301",
      doi            = "10.1103/PhysRevLett.92.112301",
      NOeprint         = "nucl-ex/0310004",
      archivePrefix  = "arXiv",
      primaryClass   = "nucl-ex",
      SLACcitation   = "%%CITATION = NUCL-EX/0310004;%%"
}

@article{Abelev:2007rw,
      author         = "Abelev, B. I. and others",
      title          = "{Partonic flow and phi-meson production in Au + Au
                        collisions at s(NN)**(1/2) = 200-GeV}",
      collaboration  = "STAR Collaboration",
      journal        = "Phys. Rev. Lett.",
      volume         = "99",
      year           = "2007",
      pages          = "112301",
      doi            = "10.1103/PhysRevLett.99.112301",
      NOeprint         = "nucl-ex/0703033",
      archivePrefix  = "arXiv",
      primaryClass   = "NUCL-EX",
      SLACcitation   = "%%CITATION = NUCL-EX/0703033;%%"
}

@article{Adams:2006ke,
      author         = "Adams, J. and others",
      title          = "{Scaling Properties of Hyperon Production in Au+Au
                        Collisions at s**(1/2) = 200-GeV}",
      collaboration  = "STAR Collaboration",
      journal        = "Phys. Rev. Lett.",
      volume         = "98",
      year           = "2007",
      pages          = "062301",
      doi            = "10.1103/PhysRevLett.98.062301",
      NOeprint         = "nucl-ex/0606014",
      archivePrefix  = "arXiv",
      primaryClass   = "nucl-ex",
      SLACcitation   = "%%CITATION = NUCL-EX/0606014;%%"
}

@article{Adamczyk:2013tvk,
      author         = "Adamczyk, L. and others",
      title          = "{$J/\psi$ production at low $p_T$ in Au + Au and
                        Cu + Cu collisions at $\sqrt{s_{NN}}=200$ GeV with the
                        STAR detector}",
      collaboration  = "STAR Collaboration",
      journal        = "Phys. Rev. C",
      volume         = "90",
      year           = "2014",
      number         = "2",
      pages          = "024906",
      doi            = "10.1103/PhysRevC.90.024906",
      NOeprint         = "1310.3563",
      archivePrefix  = "arXiv",
      primaryClass   = "nucl-ex",
      SLACcitation   = "%%CITATION = ARXIV:1310.3563;%%"
}

@article{Adamczyk:2017iwn,
      author         = "Adamczyk, L. and others",
      title          = "{Bulk Properties of the Medium Produced in Relativistic
                        Heavy-Ion Collisions from the Beam Energy Scan Program}",
      collaboration  = "STAR Collaboration",
      journal        = "Phys. Rev. C",
      volume         = "96",
      year           = "2017",
      number         = "4",
      pages          = "044904",
      doi            = "10.1103/PhysRevC.96.044904",
      NOeprint         = "1701.07065",
      archivePrefix  = "arXiv",
      primaryClass   = "nucl-ex",
      SLACcitation   = "%%CITATION = ARXIV:1701.07065;%%"
}

@article{Bazavov:2011nk,
      author         = "Bazavov, A. and others",
      title          = "{The chiral and deconfinement aspects of the QCD
                        transition}",
      journal        = "Phys. Rev. D",
      volume         = "85",
      year           = "2012",
      pages          = "054503",
      doi            = "10.1103/PhysRevD.85.054503",
      NOeprint         = "1111.1710",
      archivePrefix  = "arXiv",
      primaryClass   = "hep-lat",
      SLACcitation   = "%%CITATION = ARXIV:1111.1710;%%"
}

@article{Cao:2018ews,
      author         = "Cao, Shanshan and others",
      title          = "{Towards the extraction of heavy-quark transport
                        coefficients in quark-gluon plasma}",
      year           = "2018",
      eprint         = "1809.07894",
      archivePrefix  = "arXiv",
      primaryClass   = "nucl-th",
      SLACcitation   = "%%CITATION = ARXIV:1809.07894;%%"
}

@article{Rapp:2018qla,
      author         = "R. Rapp and others",
      editor         = "Rapp, R. and Gossiaux, P. B. and Andronic, A. and
                        Averbeck, R. and Masciocchi, S.",
      title          = "{Extraction of Heavy-Flavor Transport Coefficients in QCD
                        Matter}",
      journal        = "Nucl. Phys.",
      volume         = "A979",
      year           = "2018",
      pages          = "21-86",
      doi            = "10.1016/j.nuclphysa.2018.09.002",
      NOeprint         = "1803.03824",
      archivePrefix  = "arXiv",
      primaryClass   = "nucl-th",
      SLACcitation   = "%%CITATION = ARXIV:1803.03824;%%"
}

@article{Zhao:2018jlw,
      author         = "Zhao, Jiaxing and others",
      title          = "{Sequential Coalescence with Charm Conservation in High
                        Energy Nuclear Collisions}",
      year           = "2018",
      eprint         = "1805.10858",
      archivePrefix  = "arXiv",
      primaryClass   = "hep-ph",
      SLACcitation   = "%%CITATION = ARXIV:1805.10858;%%"
}

@article{Plumari:2017ntm,

      author         = "Plumari, Salvatore and others",
      title          = "{Charmed Hadrons from Coalescence plus Fragmentation in
                        relativistic nucleus-nucleus collisions at RHIC and LHC}",
      journal        = "Eur. Phys. J.",
      volume         = "C78",
      year           = "2018",
      number         = "4",
      pages          = "348",
      doi            = "10.1140/epjc/s10052-018-5828-7",
      NOeprint         = "1712.00730",
      archivePrefix  = "arXiv",
      primaryClass   = "hep-ph",
      SLACcitation   = "%%CITATION = ARXIV:1712.00730;%%"
}

@article{Kalman:1960,
author = {Kalman, R E},
title = {{A New Approach to Linear Filtering and Prediction Problems}},
journal = {Journal of Basic Engineering},
year = {1960},
volume = {82},
number = {1},
pages = {35--45},
annote = {10.1115/1.3662552}
}

@article{BES_particle_v2:2013,
  title = {Elliptic flow of identified hadrons in Au+Au collisions at $\sqrt{{s}_{\mathit{NN}}}=7.7$--62.4 GeV},
  author = {Adamczyk, L. and others},
  collaboration = {STAR Collaboration},
  journal = {Phys. Rev. C},
  volume = {88},
  issue = {1},
  pages = {014902},
  numpages = {25},
  year = {2013},
  month = {Jul},
  publisher = {American Physical Society},
  doi = {10.1103/PhysRevC.88.014902},
  url = {https://link.aps.org/doi/10.1103/PhysRevC.88.014902}
}

@article{Smirnov_2017,
	doi = {10.1088/1742-6596/898/4/042058},
	url = {https://doi.org/10.1088%2F1742-6596%2F898%2F4%2F042058},
	year = 2017,
	month = {oct},
	publisher = {{IOP} Publishing},
	volume = {898},
	pages = {042058},
	author = {D. Smirnov and others},
	title = {Vertex Reconstruction at {STAR}: Overview and Performance Evaluation},
	journal = {Journal of Physics: Conference Series}
}

@article{GEANTFLUKA:1993,
    author = "Fasso A. and others",
    title  = "{FLUKA present status and future developments}",
    booktitle= "Proc. IV Int. Conf. on Calorimetry in High Energy Physics, La Biodola (Italy)",
    month=" 21-26 September",
    year="1993",
    editor="Ed. A. Menzione and A. Scribano",
    publisher=" World Scientific",
    pages  = "493-502"
}

@article{STAR_particleYield:2009,
  title = {Systematic measurements of identified particle spectra in $\mathit{pp}$, $d+\mathrm{Au}$, and $\mathrm{Au}+\mathrm{Au}$ collisions at the STAR detector},
  author = {Abelev, B. I. and others},
  collaboration = {STAR Collaboration},
  journal = {Phys. Rev. C},
  volume = {79},
  issue = {3},
  pages = {034909},
  numpages = {58},
  year = {2009},
  month = {Mar},
  publisher = {American Physical Society},
  doi = {10.1103/PhysRevC.79.034909},
  url = {https://link.aps.org/doi/10.1103/PhysRevC.79.034909}
}

@article{ANKE_phi:2008,
  title = {Kaon pair production in proton-proton collisions},
  author = {Maeda, Y. and others},
  journal = {Phys. Rev. C},
  volume = {77},
  issue = {1},
  pages = {015204},
  numpages = {11},
  year = {2008},
  month = {Jan},
  publisher = {American Physical Society},
  doi = {10.1103/PhysRevC.77.015204},
  url = {https://link.aps.org/doi/10.1103/PhysRevC.77.015204}
}

@article{ANDRONIC2006167_SHM,
title = "Hadron production in central nucleus–nucleus collisions at chemical freeze-out",
journal = "Nuclear Physics A",
volume = "772",
number = "3",
pages = "167 - 199",
year = "2006",
issn = "0375-9474",
doi = "https://doi.org/10.1016/j.nuclphysa.2006.03.012",
url = "http://www.sciencedirect.com/science/article/pii/S0375947406001485",
author = "A. Andronic and P. Braun-Munzinger and J. Stachel",
keywords = "Hadron production, Statistical model, QCD phase diagram",
}

@article{NA49_phi:2008,
  title = {Energy dependence of $\ensuremath{\phi}$ meson production in central $\mathrm{Pb}+\mathrm{Pb}$ collisions at $\sqrt{{s}_{\mathit{NN}}}=6$ to 17 GeV},
  author = {Alt, C. and others},
  collaboration = {NA49 Collaboration},
  journal = {Phys. Rev. C},
  volume = {78},
  issue = {4},
  pages = {044907},
  numpages = {15},
  year = {2008},
  month = {Oct},
  publisher = {American Physical Society},
  doi = {10.1103/PhysRevC.78.044907},
  url = {https://link.aps.org/doi/10.1103/PhysRevC.78.044907}
}

@article{HADES_phi_AuAu:2018,
title = "Deep sub-threshold ϕ production in Au+Au collisions",
journal = "Phys. Lett. B",
volume = "778",
pages = "403 - 407",
year = "2018",
issn = "0370-2693",
doi = "https://doi.org/10.1016/j.physletb.2018.01.048",
url = "http://www.sciencedirect.com/science/article/pii/S037026931830056X",
author = "J. Adamczewski-Musch and others",
collaboration = "HADES Collaboration",
}

@article{HADES_phi_ArKCl:2009,
  title = {\ensuremath{\phi} decay: A relevant source for ${K}^{\ensuremath{-}}$ production at energies available at the GSI Schwerionen-Synchrotron (SIS)?},
  author = {Agakishiev, G. and others},
  collaboration = {HADES Collaboration},
  journal = {Phys. Rev. C},
  volume = {80},
  issue = {2},
  pages = {025209},
  numpages = {11},
  year = {2009},
  month = {Aug},
  publisher = {American Physical Society},
  doi = {10.1103/PhysRevC.80.025209},
  url = {https://link.aps.org/doi/10.1103/PhysRevC.80.025209}
}

@article{Steinheimer_2015_UrQMD,
	doi = {10.1088/0954-3899/43/1/015104},
	url = {https://doi.org/10.1088/0954-3899/43/1/015104},
	year = 2015,
	month = {dec},
	publisher = {{IOP} Publishing},
	volume = {43},
	number = {1},
	pages = {015104},
	author = {J Steinheimer and M Bleicher},
	journal = {J. Phys. G: Nucl. Part. Phys.},
	title = {Sub-threshold$\upphi$and {\textdollar}$\lbrace$$\lbrace${\textbackslash}rm$\lbrace${\textbackslash}Xi $\rbrace$$\rbrace$$\rbrace${\^{}}$\lbrace$-$\rbrace${\textdollar} production by high mass resonances with {UrQMD}},
}

@article{Elfner_SMASH:2019,
  title = {Strangeness production via resonances in heavy-ion collisions at energies available at the GSI Schwerionensynchrotron},
  author = {Steinberg, V. and others},
  journal = {Phys. Rev. C},
  volume = {99},
  issue = {6},
  pages = {064908},
  numpages = {20},
  year = {2019},
  month = {Jun},
  publisher = {American Physical Society},
  doi = {10.1103/PhysRevC.99.064908},
  url = {https://link.aps.org/doi/10.1103/PhysRevC.99.064908}
}

@article{ALICE_phi_2p7TeV:2015,
  title = {${K}^{*}{(892)}^{0}$ and $\ensuremath{\phi}(1020)$ production in Pb-Pb collisions at $\sqrt{{s}_{NN}}=2.76$ TeV},
  author = {Abelev, B. and others},
  collaboration = {ALICE Collaboration},
  journal = {Phys. Rev. C},
  volume = {91},
  issue = {2},
  pages = {024609},
  numpages = {26},
  year = {2015},
  month = {Feb},
  publisher = {American Physical Society},
  doi = {10.1103/PhysRevC.91.024609},
  url = {https://link.aps.org/doi/10.1103/PhysRevC.91.024609}
}


@article{FOPI_phi_NiNi:2015,
  title = {Influence of $\ensuremath{\phi}$ mesons on negative kaons in Ni + Ni collisions at $1.91A$ GeV beam energy},
  author = {Piasecki, K. and others},
  collaboration = {FOPI Collaboration},
  journal = {Phys. Rev. C},
  volume = {91},
  issue = {5},
  pages = {054904},
  numpages = {8},
  year = {2015},
  month = {May},
  publisher = {American Physical Society},
  doi = {10.1103/PhysRevC.91.054904},
  url = {https://link.aps.org/doi/10.1103/PhysRevC.91.054904}
}


@article{BraunMunzinger:2003zd,
   title={PARTICLE PRODUCTION IN HEAVY ION COLLISIONS},
   ISBN={9789812795533},
   url={http://dx.doi.org/10.1142/9789812795533_0008},
   DOI={10.1142/9789812795533_0008},
   journal={Quark–Gluon Plasma 3},
   publisher={WORLD SCIENTIFIC},
   author={Braun-Munzinger, Peter and Redlich, Krzysztof and Stachel, Johanna},
   year={2004},
   month={Jan},
   pages={491–599}
}


@article{akiba2015hot,
      title={The Hot QCD White Paper: Exploring the Phases of QCD at RHIC and the LHC}, 
      author={Yasuyuki Akiba and others},
      year={2015},
      eprint={1502.02730},
      archivePrefix={arXiv},
      primaryClass={nucl-ex}
}

@article{E917_phi:2004,
  title = {Production of $\ensuremath{\phi}$ mesons in $\text{Au}+\text{Au}$ collisions at $11.7A\phantom{\rule{0.3em}{0ex}}\text{GeV}∕c$},
  author = {Back, B. B. and others},
  collaboration = {E917 Collaboration},
  journal = {Phys. Rev. C},
  volume = {69},
  issue = {5},
  pages = {054901},
  numpages = {13},
  year = {2004},
  month = {May},
  publisher = {American Physical Society},
  doi = {10.1103/PhysRevC.69.054901},
  url = {https://link.aps.org/doi/10.1103/PhysRevC.69.054901}
}

@article{Redlich_CE:2004,
title = "On the chemical equilibration of strangeness-exchange reactions in heavy-ion collisions",
journal = "Phys. Lett. B",
volume = "603",
number = "3",
pages = "146 - 151",
year = "2004",
issn = "0370-2693",
doi = "https://doi.org/10.1016/j.physletb.2004.09.078",
url = "http://www.sciencedirect.com/science/article/pii/S0370269304014790",
author = "J. Cleymans and A. Förster and H. Oeschler and K. Redlich and F. Uhlig",
}

@MISC{Redlich_CE_private,
	 author = "K. Redlich",
     howpublished = "private communication"
}

@article{NA49_piK:2008,
  title = {Pion and kaon production in central $\mathrm{Pb}+\mathrm{Pb}$ collisions at $20A$ and $30A$ GeV: Evidence for the onset of deconfinement},
  author = {Alt, C. and others},
  collaboration = {NA49 Collaboration},
  journal = {Phys. Rev. C},
  volume = {77},
  issue = {2},
  pages = {024903},
  numpages = {10},
  year = {2008},
  month = {Feb},
  publisher = {American Physical Society},
  doi = {10.1103/PhysRevC.77.024903},
  url = {https://link.aps.org/doi/10.1103/PhysRevC.77.024903}
}

@article{NA49_piK2:2002,
  title = {Energy dependence of pion and kaon production in central Pb+Pb collisions},
  author = {Afanasiev, S. V. and others},
  collaboration = {NA49 Collaboration},
  journal = {Phys. Rev. C},
  volume = {66},
  issue = {5},
  pages = {054902},
  numpages = {9},
  year = {2002},
  month = {Nov},
  publisher = {American Physical Society},
  doi = {10.1103/PhysRevC.66.054902},
  url = {https://link.aps.org/doi/10.1103/PhysRevC.66.054902}
}

@article{FOPI_phi_AlAl:2016,
   title={Strange meson production in Al+Al collisions at 1.9 A GeV},
   volume={52},
   ISSN={1434-601X},
   url={http://dx.doi.org/10.1140/epja/i2016-16177-y},
   number={6},
   pages = {177},
   journal={Eur. Phys. J. A},
   publisher={Springer Science and Business Media LLC},
   author={Gasik, P. and others},
   year={2016},
   month={Jun}
}

@article{STAR_phi_64a200GeV:2009,
  title = {Measurements of $\ensuremath{\phi}$ meson production in relativistic heavy-ion collisions at the BNL Relativistic Heavy Ion Collider (RHIC)},
  author = {Abelev, B. I. and others},
  collaboration = {STAR Collaboration},
  journal = {Phys. Rev. C},
  volume = {79},
  issue = {6},
  pages = {064903},
  numpages = {20},
  year = {2009},
  month = {Jun},
  publisher = {American Physical Society},
  doi = {10.1103/PhysRevC.79.064903},
  url = {https://link.aps.org/doi/10.1103/PhysRevC.79.064903}
}

@article{Rafelski:1982pu,
    author = "Rafelski, Johann and Muller, Berndt",
    title = "{Strangeness Production in the Quark - Gluon Plasma}",
    reportNumber = "Print-82-0048 (FRANKFURT)",
    doi = "10.1103/PhysRevLett.48.1066",
    journal = "Phys. Rev. Lett.",
    volume = "48",
    pages = "1066",
    year = "1982",
    note = "[Erratum: Phys.Rev.Lett. 56, 2334 (1986)]"
}

@article{Koch:1986ud,
    author = "Koch, P. and Muller, Berndt and Rafelski, Johann",
    title = "{Strangeness in Relativistic Heavy Ion Collisions}",
    reportNumber = "GSI-86-7, UCT-TP-41-86, UCT-TP-29-1985",
    doi = "10.1016/0370-1573(86)90096-7",
    journal = "Phys. Rept.",
    volume = "142",
    pages = "167--262",
    year = "1986"
}

@article{Redlich:2001kb,
    author = "Redlich, K. and Tounsi, A.",
    title = "{Strangeness enhancement and energy dependence in heavy ion collisions}",
    archivePrefix = "arXiv",
    reportNumber = "CERN-TH-2001-329, PAR-LPTHE-01-39",
    doi = "10.1007/s10052-002-0983-1",
    journal = "Eur. Phys. J. C",
    volume = "24",
    pages = "589--594",
    year = "2002"
}

@article{KO.PhysRevLett.55.2661:1985,
  title = {Subthreshold Kaon Production as a Probe of the Nuclear Equation of State},
  author = {Aichelin, J. and Ko, Che Ming},
  journal = {Phys. Rev. Lett.},
  volume = {55},
  issue = {24},
  pages = {2661--2663},
  numpages = {0},
  year = {1985},
  month = {Dec},
  publisher = {American Physical Society},
  doi = {10.1103/PhysRevLett.55.2661},
  url = {https://link.aps.org/doi/10.1103/PhysRevLett.55.2661}
}

@article {Danielewicz1592:2002,
	author = {Danielewicz, Pawe{\l} and Lacey, Roy and Lynch, William G.},
	title = {Determination of the Equation of State of Dense Matter},
	volume = {298},
	number = {5598},
	pages = {1592--1596},
	year = {2002},
	doi = {10.1126/science.1078070},
	publisher = {American Association for the Advancement of Science},
	issn = {0036-8075},
	URL = {https://science.sciencemag.org/content/298/5598/1592},
	journal = {Science}
}

@article{Ks0_Lambda_HADES:2019,
title = {Sub-threshold production of Ks0 mesons and Λ hyperons in Au+Au collisions at sNN=2.4 GeV},
journal = {Phys. Lett. B},
volume = {793},
pages = {457-463},
year = {2019},
issn = {0370-2693},
doi = {https://doi.org/10.1016/j.physletb.2019.03.065},
url = {https://www.sciencedirect.com/science/article/pii/S0370269319303272},
author = {J. Adamczewski-Musch and others},
}

@article{CASSING.openCharm.2001,
title = {Open charm production in relativistic nucleus–nucleus collisions},
journal = {Nucl. Phys. A},
volume = {691},
number = {3},
pages = {753-778},
year = {2001},
issn = {0375-9474},
doi = {https://doi.org/10.1016/S0375-9474(01)00562-0},
url = {https://www.sciencedirect.com/science/article/pii/S0375947401005620},
author = {W. Cassing and E.L. Bratkovskaya and A. Sibirtsev},
keywords = {Relativistic heavy-ion collisions, Meson production, Charmed mesons, Charmed quarks},
}

@article{KO_sQM2017,
	author = {Ko, Che Ming},
	title = {Theoretical perspective on strangeness production},
	DOI= "10.1051/epjconf/201817103002",
	url= "https://doi.org/10.1051/epjconf/201817103002",
	journal = {EPJ Web Conf.},
	year = 2018,
	volume = 171,
	pages = "03002",
}

@article{Tetyana_ICNN:2020,
author = { Tetyana Galatyuk},
title = {Recent Results from HADES},
	journal = {JPS Conf. Proc.},
	year = 2020,
	volume = 32,
	pages = "010079",
}

@article{Xi_ArKCl_HADES:2009,
  title = {Deep Subthreshold ${\ensuremath{\Xi}}^{\ensuremath{-}}$ Production in $\mathrm{Ar}+\mathrm{KCl}$ Reactions at $1.76A\text{ }\text{ }\mathrm{GeV}$},
  author = {Agakishiev, G. and others},
  collaboration = {HADES Collaboration},
  journal = {Phys. Rev. Lett.},
  volume = {103},
  issue = {13},
  pages = {132301},
  numpages = {5},
  year = {2009},
  month = {Sep},
  publisher = {American Physical Society},
  doi = {10.1103/PhysRevLett.103.132301},
  url = {https://link.aps.org/doi/10.1103/PhysRevLett.103.132301}
}

@article{FUCHS20061_kaons:2006,
title = {Kaon production in heavy ion reactions at intermediate energies},
journal = {Prog. Part. Nucl. Phys.},
volume = {56},
number = {1},
pages = {1-103},
year = {2006},
issn = {0146-6410},
doi = {https://doi.org/10.1016/j.ppnp.2005.07.004},
url = {https://www.sciencedirect.com/science/article/pii/S0146641005000785},
author = {Christian Fuchs}
}

@article{UrQMD_2:1998,
title = {Microscopic models for ultrarelativistic heavy ion collisions},
journal = {Prog. Part. Nucl. Phys.},
volume = {41},
pages = {255-369},
year = {1998},
issn = {0146-6410},
doi = {https://doi.org/10.1016/S0146-6410(98)00058-1},
url = {https://www.sciencedirect.com/science/article/pii/S0146641098000581},
author = {S.A. Bass and others}
}

@article{star_bes_strangeness:2020,
  title = {Strange hadron production in $\mathrm{Au}+\mathrm{Au}$ collisions at $\sqrt{{s}_{NN}}=7.7$, 11.5, 19.6, 27, and 39 GeV},
  author = {Adam, J. and others},
  collaboration = {STAR Collaboration},
  journal = {Phys. Rev. C},
  volume = {102},
  issue = {3},
  pages = {034909},
  numpages = {25},
  year = {2020},
  month = {Sep},
  publisher = {American Physical Society},
  doi = {10.1103/PhysRevC.102.034909},
  url = {https://link.aps.org/doi/10.1103/PhysRevC.102.034909}
}

@article{THERMUS_WHEATON200984,
title = {THERMUS—A thermal model package for ROOT},
journal = {Comput. Phys. Commun.},
volume = {180},
number = {1},
pages = {84-106},
year = {2009},
issn = {0010-4655},
doi = {https://doi.org/10.1016/j.cpc.2008.08.001},
url = {https://www.sciencedirect.com/science/article/pii/S0010465508002750},
author = {S. Wheaton and J. Cleymans and M. Hauer},
keywords = {Statistical-thermal models, Resonance decays, Particle multiplicities, Relativistic heavy-ion collisions}
}

@article{CE_Cleymans:2006,
  title = {Comparison of chemical freeze-out criteria in heavy-ion collisions},
  author = {Cleymans, J. and Oeschler, H. and Redlich, K. and Wheaton, S.},
  journal = {Phys. Rev. C},
  volume = {73},
  issue = {3},
  pages = {034905},
  numpages = {10},
  year = {2006},
  month = {Mar},
  publisher = {American Physical Society},
  doi = {10.1103/PhysRevC.73.034905},
  url = {https://link.aps.org/doi/10.1103/PhysRevC.73.034905}
}

@article{yong2021double,
  title = {Double strangeness Ξ− production as a probe of nuclear equation of state at high densities},
  journal = {Phys. Lett. B},
  volume = {820},
  pages = {136521},
  year = {2021},
  issn = {0370-2693},
  doi = {https://doi.org/10.1016/j.physletb.2021.136521},
  url = {https://www.sciencedirect.com/science/article/pii/S0370269321004615},
  author = {Gao-Chan Yong and Zhi-Gang Xiao and Yuan Gao and Zi-Wei Lin}
}

@article{Andronic_2018Naure,
    author = "Andronic, Anton and Braun-Munzinger, Peter and Redlich, Krzysztof and Stachel, Johanna",
    title = "{Decoding the phase structure of QCD via particle production at high energy}",
    doi = "10.1038/s41586-018-0491-6",
    journal = "Nature",
    volume = "561",
    number = "7723",
    pages = "321--330",
    year = "2018"
}

@article{Cleymans:1992zc,
    author = "Cleymans, J. and Satz, H.",
    title = "{Thermal hadron production in high-energy heavy ion collisions}",
    reportNumber = "BI-TP-92-08, CERN-TH-6523-92",
    doi = "10.1007/BF01555746",
    journal = "Z. Phys. C",
    volume = "57",
    pages = "135--148",
    year = "1993"
}

@article{Becattini:1997ii,
    author = "Becattini, F. and Gazdzicki, M. and Sollfrank, J.",
    title = "{On chemical equilibrium in nuclear collisions}",
    reportNumber = "BI-TP-97-42, DFF-292-10-1997, IKF-HENPG-4-97",
    doi = "10.1007/s100520050256",
    journal = "Eur. Phys. J. C",
    volume = "5",
    pages = "143--153",
    year = "1998"
}

@article{Florkowski:2001fp,
    author = "Florkowski, Wojciech and Broniowski, Wojciech and Michalec, Mariusz",
    title = "{Thermal analysis of particle ratios and p(t) spectra at RHIC}",
    journal = "Acta Phys. Polon. B",
    volume = "33",
    pages = "761--769",
    year = "2002"
}

@article{McLerran:2007qj,
    author = "McLerran, Larry and Pisarski, Robert D.",
    title = "{Phases of cold, dense quarks at large N(c)}",
    doi = "10.1016/j.nuclphysa.2007.08.013",
    journal = "Nucl. Phys. A",
    volume = "796",
    pages = "83--100",
    year = "2007"
}

@article{Fukushima:2020cmk,
    author = "Fukushima, Kenji and Kojo, Toru and Weise, Wolfram",
    title = "{Hard-core deconfinement and soft-surface delocalization from nuclear to quark matter}",
    doi = "10.1103/PhysRevD.102.096017",
    journal = "Phys. Rev. D",
    volume = "102",
    number = "9",
    pages = "096017",
    year = "2020"
}

@article{Hartnack:2011cn,
    author = "Hartnack, Christoph and Oeschler, Helmut and Leifels, Yvonne and Bratkovskaya, Elena L. and Aichelin, Jorg",
    title = "{Strangeness Production close to Threshold in Proton-Nucleus and Heavy-Ion Collisions}",
    doi = "10.1016/j.physrep.2011.08.004",
    journal = "Phys. Rept.",
    volume = "510",
    pages = "119--200",
    year = "2012"
}

@article{Song:2020clw,
    author = "Song, Taesoo and Tolos, Laura and Wirth, Joana and Aichelin, Joerg and Bratkovskaya, Elena",
    title = "{In-medium effects in strangeness production in heavy-ion collisions at (sub)threshold energies}",
    doi = "10.1103/PhysRevC.103.044901",
    journal = "Phys. Rev. C",
    volume = "103",
    number = "4",
    pages = "044901",
    year = "2021"
}

@article{ZEEB2004297,
title = {Multi-strange baryon production in Au+Au collisions near threshold},
journal = {Phys. Lett. B},
volume = {586},
number = {3},
pages = {297-302},
year = {2004},
issn = {0370-2693},
doi = {https://doi.org/10.1016/j.physletb.2004.02.048},
url = {https://www.sciencedirect.com/science/article/pii/S0370269304003466},
author = {Gebhard Zeeb and Manuel Reiter and Marcus Bleicher},
}

@article{Busza_ARNPS:2018,
author = {Busza, Wit and Rajagopal, Krishna and van der Schee, Wilke},
title = {Heavy Ion Collisions: The Big Picture and the Big Questions},
journal = {Ann. Rev. Nucl. Part. Sci.}, 
volume = {68},
number = {1},
pages = {339-376},
year = {2018},
doi = {10.1146/annurev-nucl-101917-020852},

URL = {https://doi.org/10.1146/annurev-nucl-101917-020852}
}

@article{Meehan_2016,
	doi = {10.1088/1742-6596/742/1/012022},
	url = {https://doi.org/10.1088/1742-6596/742/1/012022},
	year = 2016,
	month = {aug},
	publisher = {{IOP} Publishing},
	volume = {742},
	pages = {012022},
	author = {Kathryn C Meehan},
	title = {The fixed-target experiment at {STAR}},
	journal = {J. Phys. Conf. Ser.}
}
@article{STAR_PRL_Xi_Oemga_polarization:2021,
  title = {Global Polarization of $\mathrm{\ensuremath{\Xi}}$ and $\mathrm{\ensuremath{\Omega}}$ Hyperons in $\mathrm{Au}+\mathrm{Au}$ Collisions at $\sqrt{{s}_{NN}}=200\text{ }\text{ }\mathrm{GeV}$},
  author = {Adam, J. and others},
  collaboration = {STAR Collaboration},
  journal = {Phys. Rev. Lett.},
  volume = {126},
  issue = {16},
  pages = {162301},
  numpages = {8},
  year = {2021},
  month = {Apr},
  publisher = {American Physical Society},
  doi = {10.1103/PhysRevLett.126.162301},
  url = {https://link.aps.org/doi/10.1103/PhysRevLett.126.162301}
}

@article{Rafelski_1980279,
title = {The importance of the reaction volume in hadronic collisions},
journal = {Phys. Lett. B },
volume = {97},
number = {2},
pages = {279-282},
year = {1980},
issn = {0370-2693},
doi = {https://doi.org/10.1016/0370-2693(80)90601-2},
url = {https://www.sciencedirect.com/science/article/pii/0370269380906012},
author = {Johann Rafelski and Michael Danos}
}

@article{Rafelski_PRC:2010,
  title = {Multistrange particle production and the statistical hadronization model},
  author = {Petr\'a\ifmmode \check{n}\else \v{n}\fi{}, Michal and Rafelski, Johann},
  journal = {Phys. Rev. C},
  volume = {82},
  issue = {1},
  pages = {011901},
  numpages = {5},
  year = {2010},
  month = {Jul},
  publisher = {American Physical Society},
  doi = {10.1103/PhysRevC.82.011901},
  url = {https://link.aps.org/doi/10.1103/PhysRevC.82.011901}
}
@article{Rafelski_2002,
	doi = {10.1088/0954-3899/28/7/336},
	url = {https://doi.org/10.1088/0954-3899/28/7/336},
	year = 2002,
	month = {jun},
	publisher = {{IOP} Publishing},
	volume = {28},
	number = {7},
	pages = {1819--1832},
	author = {Johann Rafelski and Jean Letessier},
	title = {Importance of reaction volume in hadronic collisions: canonical enhancement},
	journal = {Journal of Physics G: Nuclear and Particle Physics}
}
@article{NA49_Xi:2008,
  title = {Energy dependence of \ensuremath{\Lambda} and \ensuremath{\Xi} production in central $\mathrm{Pb}+\mathrm{Pb}$ collisions at $20A,30A,40A,80A$, and 158$A$ GeV measured at the CERN Super Proton Synchrotron},
    author = {Alt, C. and others},
  collaboration = {NA49 Collaboration},
  journal = {Phys. Rev. C},
  volume = {78},
  issue = {3},
  pages = {034918},
  numpages = {15},
  year = {2008},
  month = {Sep},
  publisher = {American Physical Society},
  doi = {10.1103/PhysRevC.78.034918},
  url = {https://link.aps.org/doi/10.1103/PhysRevC.78.034918}
}

@article{NA61SHINE_pp_phi:2020,
    author = "Aduszkiewicz, A. and others",
    collaboration = "NA61/SHINE Collaboration",
    title = "{Measurement of $\phi $ meson production in $p + p$ interactions at 40, 80 and $158 \, \hbox {GeV}/c$ with the NA61/SHINE spectrometer at the CERN SPS}",
    reportNumber = "FERMILAB-PUB-19-423-AD-ND-SCD",
    doi = "10.1140/epjc/s10052-020-7675-6",
    journal = "Eur. Phys. J. C",
    volume = "80",
    number = "3",
    pages = "199",
    year = "2020"
}
@article{NA61SHINE_pp_Xi:2020,
    author = "Aduszkiewicz, A. and others",
    collaboration = "NA61/SHINE Collaboration",
    title = "{Measurements of $\Xi^{-}$ and $\overline{\Xi}^{+}$ production in proton-proton interactions at $\sqrt{s_{NN}}$ = 17.3 GeV in the NA61/SHINE experiment}",
    reportNumber = "FERMILAB-PUB-20-496-AD-SCD",
    doi = "10.1140/epjc/s10052-020-8381-0",
    journal = "Eur. Phys. J. C",
    volume = "80",
    number = "9",
    pages = "833",
    year = "2020"
}

@article{NA61SHINE_pp_piKp:2017,
    author = "Aduszkiewicz, A. and others",
    collaboration = "NA61/SHINE Collaboration",
    title = "{Measurements of $\pi ^\pm $ , K$^\pm $ , p and ${\bar{\text {p}}}$ spectra in proton-proton interactions at 20, 31, 40, 80 and 158  $\text{ GeV}/c$ with the NA61/SHINE spectrometer at the CERN SPS}",
    reportNumber = "CERN-EP-2017-066",
    doi = "10.1140/epjc/s10052-017-5260-4",
    journal = "Eur. Phys. J. C",
    volume = "77",
    number = "10",
    pages = "671",
    year = "2017"
}


@article{HADES_PRL_W_C:2019,
  title = {Strong Absorption of Hadrons with Hidden and Open Strangeness in Nuclear Matter},
  author = {Adamczewski-Musch, J. and others},
  collaboration = {HADES Collaboration},
  journal = {Phys. Rev. Lett.},
  volume = {123},
  issue = {2},
  pages = {022002},
  numpages = {6},
  year = {2019},
  month = {Jul},
  publisher = {American Physical Society},
  doi = {10.1103/PhysRevLett.123.022002},
  url = {https://link.aps.org/doi/10.1103/PhysRevLett.123.022002}
}

@article{HADES_PRL_pA:2007,
  title = {Evidence for In-Medium Modification of the $\ensuremath{\phi}$ Meson at Normal Nuclear Density},
  author = {Muto, R. and others},
  collaboration = {KEK-PS E325 Collaboration},
  journal = {Phys. Rev. Lett.},
  volume = {98},
  issue = {4},
  pages = {042501},
  numpages = {4},
  year = {2007},
  month = {Jan},
  publisher = {American Physical Society},
  doi = {10.1103/PhysRevLett.98.042501},
  url = {https://link.aps.org/doi/10.1103/PhysRevLett.98.042501}
}

@article{ALICE_PRL_pp:2021,
  title = {Experimental Evidence for an Attractive $p\text{\ensuremath{-}}\ensuremath{\phi}$ Interaction},
  author = {Acharya, S. and others},
  collaboration = {ALICE Collaboration},
  journal = {Phys. Rev. Lett.},
  volume = {127},
  issue = {17},
  pages = {172301},
  numpages = {13},
  year = {2021},
  month = {Oct},
  publisher = {American Physical Society},
  doi = {10.1103/PhysRevLett.127.172301},
  url = {https://link.aps.org/doi/10.1103/PhysRevLett.127.172301}
}

@article{MC_Ray_2008,
	doi = {10.1088/0954-3899/35/12/125106},
	url = {https://doi.org/10.1088/0954-3899/35/12/125106},
	year = 2008,
	month = {oct},
	publisher = {{IOP} Publishing},
	volume = {35},
	number = {12},
	pages = {125106},
	author = {R L Ray and M S Daugherity},
	title = {Applicability of Monte Carlo Glauber models to relativistic heavy-ion collision data},
	journal = {Journal of Physics G: Nuclear and Particle Physics}
}

@article{STAR:2021yiu,
    author = "Abdallah, Mohamed and others",
    collaboration = "STAR Collaboration",
    title = "{Disappearance of partonic collectivity in $\sqrt{s_{NN}}$ = 3 GeV Au+Au collisions at RHIC}",
    eprint = "2108.00908",
    archivePrefix = "arXiv",
    primaryClass = "nucl-ex",
    month = "8",
    year = "2021"
}

@article{STAR_3Gev_Cumulants:2021,
      author="M. S. Abdallah and others",
      collaboration = "STAR Collaboration",
      title="{Measurements of Proton High Order Cumulants in $\sqrt{s_{_{\mathrm{NN}}}}$ = 3 GeV Au+Au Collisions and Implications for the QCD Critical Point}",
      eprint="2112.00240",
      archivePrefix="arXiv",
      primaryClass="nucl-ex",
      year="2021"
}
