@article{StarWhitePaper,
      author         = "Adams, John and others",
      title          = "{Experimental and theoretical challenges in the search
                        for the quark gluon plasma: The STAR Collaboration's
                        critical assessment of the evidence from RHIC collisions}",
      collaboration  = "STAR",
      journal        = "Nucl. Phys.",
      volume         = "A757",
      year           = "2005",
      pages          = "102-183",
      doi            = "10.1016/j.nuclphysa.2005.03.085",
      NOeprint         = "nucl-ex/0501009",
      archivePrefix  = "arXiv",
      primaryClass   = "nucl-ex",
}

@article{PhenixWhitePaper,
      author         = "Adcox, K. and others",
      title          = "{Formation of dense partonic matter in relativistic
                        nucleus-nucleus collisions at RHIC: Experimental
                        evaluation by the PHENIX collaboration}",
      collaboration  = "PHENIX",
      journal        = "Nucl. Phys.",
      volume         = "A757",
      year           = "2005",
      pages          = "184-283",
      doi            = "10.1016/j.nuclphysa.2005.03.086",
      NOeprint         = "nucl-ex/0410003",
      archivePrefix  = "arXiv",
      primaryClass   = "nucl-ex",
}

@article{LhcSummary,
      author         = "Muller, Berndt and Schukraft, Jurgen and Wyslouch,
                        Boleslaw",
      title          = "{First Results from Pb+Pb collisions at the LHC}",
      journal        = "Ann. Rev. Nucl. Part. Sci.",
      volume         = "62",
      year           = "2012",
      pages          = "361-386",
      doi            = "10.1146/annurev-nucl-102711-094910",
      NOeprint         = "1202.3233",
      archivePrefix  = "arXiv",
      primaryClass   = "hep-ex",
      reportNumber   = "CERN-OPEN-2012-005",
}

@article{Adamczyk:2015ukd,
      author         = "Adamczyk, L. and others",
      title          = "{Centrality and transverse momentum dependence of
                        elliptic flow of multistrange hadrons and $\phi$ meson in
                        Au+Au collisions at $\sqrt{s_{NN}}$ = 200 GeV}",
      collaboration  = "STAR",
      journal        = "Phys. Rev. Lett.",
      volume         = "116",
      year           = "2016",
      number         = "6",
      pages          = "062301",
      doi            = "10.1103/PhysRevLett.116.062301",
      noeprint         = "1507.05247",
      archivePrefix  = "arXiv",
      primaryClass   = "nucl-ex"
}

@article{Abelev:2014pua,
      author         = "Abelev, Betty Bezverkhny and others",
      title          = "{Elliptic flow of identified hadrons in Pb-Pb collisions
                        at $ \sqrt{s_{\mathrm{NN}}}=2.76 $ TeV}",
      collaboration  = "ALICE",
      journal        = "JHEP",
      volume         = "06",
      year           = "2015",
      pages          = "190",
      doi            = "10.1007/JHEP06(2015)190",
      NOeprint         = "1405.4632",
      archivePrefix  = "arXiv",
      primaryClass   = "nucl-ex",
      reportNumber   = "CERN-PH-EP-2014-104",
      SLACcitation   = "%%CITATION = ARXIV:1405.4632;%%"
}

@article{Moore:2004tg,
      author         = "Moore, Guy D. and Teaney, Derek",
      title          = "{How much do heavy quarks thermalize in a heavy ion
                        collision?}",
      journal        = "Phys. Rev. C",
      volume         = "71",
      year           = "2005",
      pages          = "064904",
      doi            = "10.1103/PhysRevC.71.064904",
      NOeprint         = "hep-ph/0412346",
      archivePrefix  = "arXiv",
      primaryClass   = "hep-ph",
}

@article{Rapp:2008qc,
      author         = "Rapp, Ralf and van Hees, Hendrik",
      title          = "{Heavy Quark Diffusion as a Probe of the Quark-Gluon
                        Plasma}",
      year           = "2008",
      eprint         = "0803.0901",
      archivePrefix  = "arXiv",
      primaryClass   = "hep-ph",
}

@article{Star_D_pp,
      author = "Adamczyk, L. and others",
      title = {Measurements of ${D}^{0}$ and ${D}^{\mathbf{*}}$ production in $p\mathbf{+}p$ collisions at $\sqrt{s}\mathbf{=}200\text{ }\text{ }\mathrm{GeV}$},
      collaboration = "STAR",
      journal = "Phys. Rev. D",
      volume = "86",
      issue = "7",
      pages = "072013",
      numpages = "14",
      year = "2012",
      month = "Oct",
      publisher = "American Physical Society",
      doi = "10.1103/PhysRevD.86.072013",
}

@article{Ziwei_Lin,
  author = "Lin, Ziwei and Gyulassy, Miklos",
  title = {Open charm as a probe of preequilibrium dynamics in nuclear collisions},
  journal = "Phys. Rev. C",
  volume = "51",
  issue = "4",
  pages = "2177--2187",
  numpages = "0",
  year = "1995",
  month = "Apr",
  publisher = "American Physical Society",
  doi = "10.1103/PhysRevC.51.2177",
}

@article{Cacciari,
  author = "Cacciari, Matteo and Nason, Paolo and Vogt, Ramona",
  title = {QCD Predictions for Charm and Bottom Quark Production at RHIC},
  journal = "Phys. Rev. Lett.",
  volume = "95",
  issue = "12",
  pages = "122001",
  numpages = "4",
  year = "2005",
  month = "Sep",
  publisher = "American Physical Society",
  doi = "10.1103/PhysRevLett.95.122001",
}

@article{Moore,
  title = {How much do heavy quarks thermalize in a heavy ion collision?},
  author = "Moore, Guy D. and Teaney, Derek",
  journal = "Phys. Rev. C",
  volume = "71",
  issue = "6",
  pages = "064904",
  numpages = "19",
  year = "2005",
  month = "Jun",
  publisher = "American Physical Society",
  doi = "10.1103/PhysRevC.71.064904",
}

@article{Star_D_RAA,
      author         = "Adamczyk, L. and others",
      title          = "{Observation of $D^0$ Meson Nuclear Modifications in
                        Au+Au Collisions at $\sqrt{s_{NN}}$ = 200\,GeV}",
      collaboration  = "STAR",
      journal        = "Phys. Rev. Lett.",
      volume         = "113",
      year           = "2014",
      number         = "14",
      pages          = "142301",
      doi            = "10.1103/PhysRevLett.113.142301",
      NOeprint         = "1404.6185",
      archivePrefix  = "arXiv",
      primaryClass   = "nucl-ex",
      note           = " Erratum: Phys. Rev. Lett. $\bold{121}$, 229901 (2018)",
}

@article{Star_D_RAA_corr,
  title = "{Erratum: Observation of ${D}^{0}$ Meson Nuclear Modifications in $\mathrm{Au}+\mathrm{Au}$ Collisions at $\sqrt{{s}_{\mathrm{NN}}}=200\text{ }\text{ }\mathrm{GeV}$ [Phys. Rev. Lett. 113, 142301 (2014)]}",
  author = "Adamczyk, L. and others",
  collaboration = "STAR Collaboration",
  journal = "Phys. Rev. Lett.",
  volume = "121",
  issue = "22",
  pages = "229901",
  numpages = "4",
  year = "2018",
  month = "Nov",
  publisher = "American Physical Society",
  doi = "10.1103/PhysRevLett.121.229901",
  url = "https://link.aps.org/doi/10.1103/PhysRevLett.121.229901",
}

@article{Star_D_v2,
      author         = "Adamczyk, L. and others",
      title          = "{Measurement of $D^0$ Azimuthal Anisotropy at Midrapidity
                        in Au+Au Collisions at $\sqrt{s_{NN}}$=200  GeV}",
      collaboration  = "STAR",
      journal        = "Phys. Rev. Lett.",
      volume         = "118",
      year           = "2017",
      number         = "21",
      pages          = "212301",
      doi            = "10.1103/PhysRevLett.118.212301",
      NOeprint         = "1701.06060",
      archivePrefix  = "arXiv",
      primaryClass   = "nucl-ex",
      SLACcitation   = "%%CITATION = ARXIV:1701.06060;%%"
}

@article{charm_frag,
  author="Lisovyi, Mykhailo and Verbytskyi, Andrii and Zenaiev, Oleksandr",
  title="{Combined analysis of charm-quark fragmentation-fraction measurements}",
  journal="Eur. Phys. J. C",
  year="2016",
  month="Jul",
  day="14",
  volume="76",
  number="7",
  pages="397",
}

@article{Alice_D_RAA_1,
      author         = "Abelev, Betty and others",
      title          = "{Suppression of high transverse momentum D mesons in
                        central Pb-Pb collisions at $\sqrt{s_{NN}}$ = 2.76\,TeV}",
      collaboration  = "ALICE",
      journal        = "JHEP",
      volume         = "09",
      year           = "2012",
      pages          = "112",
      doi            = "10.1007/JHEP09(2012)112",
      NOeprint         = "1203.2160",
      archivePrefix  = "arXiv",
      primaryClass   = "nucl-ex",
      reportNumber   = "CERN-PH-EP-2012-069",
}

@article{Alice_D_RAA_2,
      author         = "Adam, Jaroslav and others",
      title          = "{Transverse momentum dependence of D-meson production in
                        Pb-Pb collisions at $\sqrt{s_{\rm NN}}$ = 2.76\,TeV}",
      collaboration  = "ALICE",
      journal       = "JHEP",
      volume      = "03",
      year           = "2016",
      pages        = "081",
      doi             = "10.1007/JHEP03(2016)081",
      NOeprint         = "1509.06888",
      archivePrefix  = "arXiv",
      primaryClass   = "nucl-ex",
      reportNumber   = "CERN-PH-EP-2015-252",
}

@article{Alice_D_v2_276TeV_PRL,
      author         = "Abelev, B. and others",
      title          = "{D meson elliptic flow in non-central Pb-Pb collisions at
                        $\sqrt{s_{\rm NN}}$ = 2.76\,TeV}",
      collaboration  = "ALICE",
      journal        = "Phys. Rev. Lett.",
      volume         = "111",
      year           = "2013",
      pages          = "102301",
      doi            = "10.1103/PhysRevLett.111.102301",
      NOeprint         = "1305.2707",
      archivePrefix  = "arXiv",
      primaryClass   = "nucl-ex",
      reportNumber   = "CERN-PH-EP-2013-085",
}

@article{Alice_D_v2_276TeV_PRC,
      author         = "Abelev, Bezverkhny and others",
      title          = "{Azimuthal anisotropy of D meson production in Pb-Pb
                        collisions at $\sqrt{s_{\rm NN}}$ = 2.76\,TeV}",
      collaboration  = "ALICE",
      journal        = "Phys. Rev. C",
      volume         = "90",
      year           = "2014",
      number         = "3",
      pages          = "034904",
      doi            = "10.1103/PhysRevC.90.034904",
      NOeprint         = "1405.2001",
      archivePrefix  = "arXiv",
      primaryClass   = "nucl-ex",
      reportNumber   = "CERN-PH-EP-2014-083",
}

@article{CMS_D_RAA_5TeV,
      author         = "Sirunyan, Albert M and others",
      title          = "{Nuclear modification factor of D0 mesons in PbPb
                        collisions at sqrt(s[NN]) = 5.02 TeV}",
      collaboration  = "CMS",
      journal = "Phys. Lett. B",
      volume = "782",
      pages = "474 - 496",
      year = "2018",
      issn = "0370-2693",
      doi = "https://doi.org/10.1016/j.physletb.2018.05.074",
      url = "http://www.sciencedirect.com/science/article/pii/S0370269318304386",
}

@article{CMS_D_vn_5TeV,
      author         = "Sirunyan, Albert M and others",
      title          = "{Measurement of prompt $D^0$ meson azimuthal anisotropy
                        in PbPb collisions at $\sqrt{{s}_{NN}}$ = 5.02 TeV}",
      collaboration  = "CMS",
      journal = "Phys. Rev. Lett.",
      volume = "120",
      issue = "20",
      pages = "202301",
      numpages = "17",
      year = "2018",
      month = "May",
      publisher = "American Physical Society",
      doi = "10.1103/PhysRevLett.120.202301",
      url = "https://link.aps.org/doi/10.1103/PhysRevLett.120.202301",
}

@article{Duke,
      author         = "Cao, S. and Qin, G. and Bass, S. ",
      title          = "{Energy loss, hadronization and hadronic interactions of heavy flavors in relativistic heavy-ion collisions}",
      journal        = "Phys. Rev. C",
      volume         = "92",
      year           = "2015",
      pages          = "024907",
      doi            = "10.1103/PhysRevC.92.024907",
      NOeprint         = "1505.01413",
      archivePrefix  = "arXiv",
      primaryClass   = "nucl-th",
}

@MISC{DukePrivateCom,
	 author = "Xu, Yingru",
     title = "",
     howpublished = "private communication",
}

@article{pdg,
  author = "Tanabashi, M. and others",
  title = "{Review of Particle Physics}",
  collaboration = "Particle Data Group",
  journal = "Phys. Rev. D",
  volume = "98",
  issue = "3",
  pages = "030001",
  numpages = "1898",
  year = "2018",
  month = "Aug",
  publisher = "American Physical Society",
  doi = "10.1103/PhysRevD.98.030001",
  url = "https://link.aps.org/doi/10.1103/PhysRevD.98.030001",
}

@article{GEANT3,
      author         = "Brun, René and others",
      title          = "{GEANT Detector Description and Simulation Tool}",
      doi            = "10.17181/CERN.MUHF.DMJ1",
      year           = "1994",
      reportNumber   = "CERN-W5013, CERN-W-5013, W5013, W-5013",
      SLACcitation   = "%%CITATION = CERN-W5013;%%"
}

@article{GEANT4,
title = "{Geant4—a simulation toolkit}",
journal = "Nucl. Instrum. Meth. A",
volume = "506",
number = "3",
pages = "250 - 303",
year = "2003",
issn = "0168-9002",
doi = "https://doi.org/10.1016/S0168-9002(03)01368-8",
url = "http://www.sciencedirect.com/science/article/pii/S0168900203013688",
author = "S. Agostinelli and others",
}

@article{HIJING,
title = "{HIJING 1.0: A Monte Carlo program for parton and particle production in high energy hadronic and nuclear collisions}",
journal = "Comp. Phys. Comm.",
volume = "83",
number = "2",
pages = "307 - 331",
year = "1994",
issn = "0010-4655",
doi = "https://doi.org/10.1016/0010-4655(94)90057-4",
url = "http://www.sciencedirect.com/science/article/pii/0010465594900574",
author = "Miklos Gyulassy and Xin-Nian Wang",
}

@article{SUBATECH,
     author     = "Ozvenchuk, V. and Torres-Rincon, J.M. and Gossiaux, P.B. and Aichelin, J. and Tolos, L.",
     title          = "{$D$-meson propagation in hadronic matter and consequences for heavy-flavor observables in ultrarelativistic heavy-ion collisions}",
     journal     = "Phys. Rev. C",
     volume    = "90",
     year        = "2014",
     pages     = "054909",
     doi          = "10.1103/PhysRevC.90.054909",
     NOeprint = "1408.4938",
     archivePrefix = "arXiv",
     primaryClass = "hep-ph",
}     

@article{SUBATECH2,
      author         = "Nahrgang, Marlene and Aichelin, Jorg and Bass, Steffen
                        and Gossiaux, Pol Bernard and Werner, Klaus",
      title          = "{Elliptic and triangular flow of heavy flavor in
                        heavy-ion collisions}",
      journal        = "Phys. Rev. C",
      volume         = "91",
      year           = "2015",
      number         = "1",
      pages          = "014904",
      doi            = "10.1103/PhysRevC.91.014904",
      NOeprint         = "1410.5396",
      archivePrefix  = "arXiv",
      primaryClass   = "hep-ph",
}

@MISC{SUBATECHPrivateCom,
     title = "",
     howpublished = "private communication",
}

@article{TAMU,
      author         = "He, Min and Fries, Rainer J. and Rapp, Ralf",
      title          = "{Heavy-Quark Diffusion and Hadronization in Quark-Gluon
                        Plasma}",
      journal        = "Phys. Rev. C",
      volume         = "86",
      year           = "2012",
      pages          = "014903",
      doi            = "10.1103/PhysRevC.86.014903",
      NOeprint         = "1106.6006",
      archivePrefix  = "arXiv",
      primaryClass   = "nucl-th",
}

@article{TAMU2,
      author         = "He, Min and Fries, Rainer J. and Rapp, Ralf",
      title          = "{$\mathbf{D_s}$-Meson as Quantitative Probe of Diffusion
                        and Hadronization in Nuclear Collisions}",
      journal = "Phys. Rev. Lett.",
      volume = "110",
      issue = "11",
      pages = "112301",
      numpages = "5",
      year = "2013",
      month = "Mar",
      publisher = "American Physical Society",
      doi = "10.1103/PhysRevLett.110.112301",
      url = "https://link.aps.org/doi/10.1103/PhysRevLett.110.112301",
}

@MISC{TAMUPrivateCom,
     title = "",
     howpublished = "private communication",
}

@article{LBT,
      author      = "Cao, Shanshan and Luo, Tan and Qin, Guang-You and Wang, Xin-Nian",
      title           = "{Linearized Boltzmann transport model for jet propagation in the quark-gluon plasma: Heavy quark evolution}",
      journal      = "Phys. Rev. C",
      volume     = "94",
      year          = "2016",
      pages       = "014909",
      doi            = "10.1103/PhysRevC.94.014909",
      Noeprint   = "1605.06447",
      archivePrefix = "arXiv",
      primaryClass  = "nucl-th",
 }     

@article{Torino,
      author         = "Alberico, W. M. and Beraudo, A. and De Pace, A. and
                        Molinari, A. and Monteno, M. and Nardi, M. and Prino, F.",
      title          = "{Heavy-flavour spectra in high energy nucleus-nucleus
                        collisions}",
      journal        = "Eur. Phys. J.",
      volume         = "C71",
      year           = "2011",
      pages          = "1666",
      doi            = "10.1140/epjc/s10052-011-1666-6",
      NOeprint         = "1101.6008",
      archivePrefix  = "arXiv",
      primaryClass   = "hep-ph",
}

@article{Torino2,
      author         = "Beraudo, A. and De Pace, A. and Monteno, M. and Nardi, M.
                        and Prino, F.",
      title          = "{Heavy flavors in heavy-ion collisions: quenching, flow
                        and correlations}",
      journal        = "Eur. Phys. J.",
      volume         = "C75",
      year           = "2015",
      number         = "3",
      pages          = "121",
      doi            = "10.1140/epjc/s10052-015-3336-6",
      NOeprint         = "1410.6082",
      archivePrefix  = "arXiv",
      primaryClass   = "hep-ph",
}

@article{PHSD,
      author         = "Berrehrah, H. and Gossiaux, P. B. and Aichelin, J. and
                        Cassing, W. and Torres-Rincon, J. M. and Bratkovskaya, E.",
      title          = "{Transport coefficients of heavy quarks around $T_c$ at
                        finite quark chemical potential}",
      journal        = "Phys. Rev. C",
      volume         = "90",
      year           = "2014",
      pages          = "051901",
      doi            = "10.1103/PhysRevC.90.051901",
      NOeprint         = "1406.5322",
      archivePrefix  = "arXiv",
      primaryClass   = "hep-ph",
}

@article{PHSD2,
      author         = "Song, T. and Berrehrah, H. and Cebrera, D. and Torres-Rincon, J.M. and Tolos, L. and
		      	Cassing, W. and Bratkovskaya, E.",
      title          = "{Tomography of the quark-gluon plasm by charm quarks}",
      journal        = "Phys. Rev. C",
      volume         = "92",
      year           = "2015",
      number         = "1",
      pages          = "014910",
      doi            = "10.1103/PhysRevC.92.014910",
      NOeprint         = "1503.03039",
      archivePrefix  = "arXiv",
      primaryClass   = "nucl-ph",
}

@article{PhenixNpe,
      author         = "Adare, A. and others",
      title          = "{Energy Loss and Flow of Heavy Quarks in Au+Au Collisions
                        at $\sqrt{s_{\rm NN}}$ = 200\,GeV}",
      collaboration  = "PHENIX",
      journal        = "Phys. Rev. Lett.",
      volume         = "98",
      year           = "2007",
      pages          = "172301",
      doi            = "10.1103/PhysRevLett.98.172301",
      NOeprint         = "nucl-ex/0611018",
      archivePrefix  = "arXiv",
      primaryClass   = "nucl-ex",
}

@article{PhenixNpe2,
      author         = "Adare, A. and others",
      title          = "{Heavy-quark production in p+p and energy loss and flow of heavy quarks in Au+Au collisions at $\sqrt{s_{\rm NN}}$ = 200\,GeV}",
      collaboration  = "PHENIX",
      journal        = "Phys. Rev. C",
      volume         = "84",
      year           = "2011",
      pages          = "044905",
      doi            = "10.1103/PhysRevC.84.044905",
}

@article{STARNpe,
	author    = "Adamczyk, L. and others",
	collaboration = "STAR",
	year  = "2014",
        eprint      = "1405.6348",
        archivePrefix = "arXiv",
        primaryClass  = "hep-ex",
}	

@article{BAMPS,
      author         = "Uphoff, Jan and Fochler, Oliver and Xu, Zhe and Greiner,
                        Carsten",
      title          = "{Open Heavy Flavor in Pb+Pb Collisions at $\sqrt{s}$ = 2.76
                        TeV within a Transport Model}",
      journal        = "Phys. Lett.",
      volume         = "B717",
      year           = "2012",
      pages          = "430-435",
      doi            = "10.1016/j.physletb.2012.09.069",
      NOeprint         = "1205.4945",
      archivePrefix  = "arXiv",
      primaryClass   = "hep-ph",
}

@article{BAMPS2,
      author         = "Uphoff, Jan and Fochler, Oliver and Xu, Zhe and Greiner,
                        Carsten",
      title          = "{Elastic vs. radiative heavy quark energy loss within a
                        transport model}",
      journal        = "Nucl. Phys.",
      volume         = "A932",
      year           = "2014",
      pages          = "247-252",
      doi            = "10.1016/j.nuclphysa.2014.07.024",
}

@article{LANL,
      author         = "Sharma, Rishi and Vitev, Ivan and Zhang, Ben-Wei",
      title          = "{Light-cone wave function approach to open heavy flavor
                        dynamics in QCD matter}",
      journal        = "Phys. Rev. C",
      volume         = "80",
      year           = "2009",
      pages          = "054902",
      doi            = "10.1103/PhysRevC.80.054902",
      NOeprint         = "0904.0032",
      archivePrefix  = "arXiv",
      primaryClass   = "hep-ph",
}


@article{hydroPang,
      author         = "Pang, Long Gang and Hatta, Yoshitaka and Wang, Xin Nian
                        and Xiao, Bo Wen",
      title          = "{Analytical and numerical Gubser solutions of the
                        second-order hydrodynamics}",
      journal        = "Phys. Rev. D",
      volume         = "91",
      year           = "2015",
      pages          = "074027",
      doi            = "10.1103/PhysRevD.91.074027",
      NOeprint         = "1411.7767",
      archivePrefix  = "arXiv",
      primaryClass   = "hep-ph",
}

@article{hydroPang2,
      author         = "Pang, Long Gang and Wang, Qun and Wang, Xin Nian",
      title          = "{Effects of initial flow velocity fluctuation in event-by-event (3+1)D hydrodynamics}",
      journal        = "Phys. Rev. C",
      volume         = "86",
      year           = "2012",
      pages          = "024911",
      doi            = "10.1103/PhysRevC.86.024911",
      NOeprint         = "1205.5019",
      archivePrefix  = "arXiv",
      primaryClass   = "nucl-th",
}

@MISC{hydroPrivateCom,
     title = "",
     howpublished = "private communication",
}

@article{latticeBanerjee,
      author         = "Banerjee, Debasish and Datta, Saumen and Gavai, Rajiv and
                        Majumdar, Pushan",
      title          = "{Heavy Quark Momentum Diffusion Coefficient from Lattice
                        QCD}",
      journal        = "Phys. Rev. D",
      volume         = "85",
      year           = "2012",
      pages          = "014510",
      doi            = "10.1103/PhysRevD.85.014510",
      NOeprint         = "1109.5738",
      archivePrefix  = "arXiv",
      primaryClass   = "hep-lat",
      reportNumber   = "TIFR-TH-11-41",
}

@article{latticeDing,
      author         = "Ding, Heng Tong and Karsch, Frithjof and Mukherjee,
                        Swagato",
      title          = "{Thermodynamics of strong-interaction matter from Lattice
                        QCD}",
      journal        = "Int. J. Mod. Phys.",
      volume         = "E24",
      year           = "2015",
      number         = "10",
      pages          = "1530007",
      doi            = "10.1142/S0218301315300076",
      NOeprint         = "1504.05274",
      archivePrefix  = "arXiv",
      primaryClass   = "hep-lat",
}


@article{HFSummary,
      author         = "Andronic, A. and others",
      title          = "{Heavy-flavour and quarkonium production in the LHC era:
                        from proton-proton to heavy-ion collisions}",
      journal	       = "Eur. Phys. J.",
      volume      = "C76",
      year           = "2016",
      pages        = "107",
      doi             = "10.1140/epjc/s10052-015-3819-5",
      NOeprint         = "1506.03981",
      archivePrefix  = "arXiv",
      primaryClass   = "nucl-ex",
}

@MISC{HFT,
     author    = "Beavis, D. and others",
     title = "The STAR Heavy Flavor Tracker Technical Design Report",
     howpublished = "{\burl{https://drupal.star.bnl.gov/STAR/starnotes/public/sn0600}}",
     url          = "https://drupal.star.bnl.gov/STAR/starnotes/public/sn0600",
     year      = "2011",
}

@article{Contin:2017mck,
      author         = "Contin, Giacomo and others",
      title          = "{The STAR MAPS-based PiXeL detector}",
      journal        = "Nucl. Instrum. Meth.",
      volume         = "A907",
      year           = "2018",
      pages          = "60-80",
      doi            = "10.1016/j.nima.2018.03.003",
      Noeprint         = "1710.02176",
      archivePrefix  = "arXiv",
      primaryClass   = "physics.ins-det",
      SLACcitation   = "%%CITATION = ARXIV:1710.02176;%%"
}

@article{HFTQM14,
      author         = "Qiu, Hao",
      title          = "{STAR heavy flavor tracker}",
      collaboration  = "STAR",
      journal        = "Nucl. Phys.",
      volume         = "A931",
      year           = "2014",
      pages          = "1141-1146",
      doi            = "10.1016/j.nuclphysa.2014.08.056",
}

@article{Shao:2005iu,
      author         = "Shao, M. and others",
      title          = "{Extensive particle identification with TPC and TOF at
                        the STAR experiment}",
      journal        = "Nucl. Instrum. Meth.",
      volume         = "A558",
      year           = "2006",
      pages          = "419-429",
      doi            = "10.1016/j.nima.2005.11.251",
      NOeprint         = "nucl-ex/0505026",
      archivePrefix  = "arXiv",
      primaryClass   = "nucl-ex",
      SLACcitation   = "%%CITATION = NUCL-EX/0505026;%%"
}

@article{Xu:2008th,
      author         = "Xu, Yichun and others",
      title          = "{Improving the dE/dx calibration of the STAR TPC for the
                        high-pT hadron identification}",
      journal        = "Nucl. Instrum. Meth.",
      volume         = "A614",
      year           = "2010",
      pages          = "28-33",
      doi            = "10.1016/j.nima.2009.12.011",
      NOeprint         = "0807.4303",
      archivePrefix  = "arXiv",
      primaryClass   = "physics.ins-det",
      SLACcitation   = "%%CITATION = ARXIV:0807.4303;%%"
}
@Article{Adams:2004wz,
     author    = "Adams, J. and others",
     collaboration = "STAR",
     title     = "{Azimuthal anisotropy and correlations at large transverse
                  momenta in p  + p and Au + Au collisions at $\sqrt{s_{\rm NN}}$ = 200\,GeV}",
     journal   = "Phys. Rev. Lett.",
     volume    = "93",
     year      = "2004",
     pages     = "252301",
     NOeprint    = "nucl-ex/0407007",
     archivePrefix = "arXiv",
     doi       = "10.1103/PhysRevLett.93.252301",
}

@article{correlationMethod,
      author         = "Borghini, Nicolas and Dinh, Phuong Mai and Ollitrault,
                        Jean-Yves",
      title          = "{A New method for measuring azimuthal distributions in
                        nucleus-nucleus collisions}",
      journal        = "Phys. Rev. C",
      volume         = "63",
      year           = "2001",
      pages          = "054906",
      doi            = "10.1103/PhysRevC.63.054906",
      NOeprint         = "nucl-th/0007063",
      archivePrefix  = "arXiv",
      primaryClass   = "nucl-th",
      reportNumber   = "SACLAY-SPH-T-00-110",
}

@article{correlationMethod2,
      author         = "Bilandzic, Ante and Snellings, Raimond and Voloshin,
                        Sergei",
      title          = "{Flow analysis with cumulants: Direct calculations}",
      journal        = "Phys. Rev. C",
      volume         = "83",
      year           = "2011",
      pages          = "044913",
      doi            = "10.1103/PhysRevC.83.044913",
      NOeprint         = "1010.0233",
      archivePrefix  = "arXiv",
      primaryClass   = "nucl-ex",
}

@article{ksV2,
      author         = "Abelev, B. I. and others",
      title          = "{Centrality dependence of charged hadron and strange
                        hadron elliptic flow from $\sqrt{s_{\rm NN}}$ = 200\,GeV Au + Au
                        collisions}",
      collaboration  = "STAR",
      journal        = "Phys. Rev. C",
      volume         = "77",
      year           = "2008",
      pages          = "054901",
      doi            = "10.1103/PhysRevC.77.054901",
      NOeprint         = "0801.3466",
      archivePrefix  = "arXiv",
      primaryClass   = "nucl-ex",
}

@article{phiOmegaV2,
      author         = "Adamczyk, L. and others",
      title          = "{Centrality and transverse momentum dependence of elliptic flow of multi-strange
                         hadrons and $\phi$ meson in Au+Au collisions at $sqrt{s_{\rm NN}}$ = 200\,GeV}",
      collaboration  = "STAR",
      journal       = "Phys. Rev. Lett.",
      volume      = "116",
      year           = "2016",
      pages        = "062301",
      doi             = "10.1103/PhysRevLett.116.062301",
      NOeprint         = "1507.05247",
      archivePrefix  = "arXiv",
      primaryClass   = "nucl-ex",
}

@article{RHIC,
      author         = "Hahn, H. and others",
      title          = "{The RHIC design overview}",
      journal        = "Nucl. Instrum. Meth.",
      volume         = "A499",
      pages          = "245-263",
      doi            = "10.1016/S0168-9002(02)01938-1",
      year           = "2003",
}

@article{STAR,
      author         = "Ackermann, K. H. and others",
      title          = "{STAR detector overview}",
      NOcollaboration  = "STAR Collaboration",
      journal        = "Nucl. Instrum. Meth.",
      volume         = "A499",
      pages          = "624-632",
      doi            = "10.1016/S0168-9002(02)01960-5",
      year           = "2003",
}

@Article{TPC,
     author    = "Anderson, M. and others",
     title     = "{The STAR time projection chamber: A unique tool for
                  studying high  multiplicity events at RHIC}",
     journal   = "Nucl. Instrum. Meth.",
     volume    = "A499",
     year      = "2003",
     pages     = "659-678",
     doi       = "10.1016/S0168-9002(02)01964-2",
}

@article{TOF,
      author         = "Llope, W. J.",
      title          = "{Multigap RPCs in the STAR experiment at RHIC}",
      collaboration  = "STAR",
      journal        = "Nucl. Instrum. Meth.",
      volume         = "A661",
      year           = "2012",
      pages          = "S110-S113",
      doi            = "10.1016/j.nima.2010.07.086",
}

@article{VPD,
      author         = "Llope, W. J. and others",
      journal        = "Nucl. Instrum. Meth.",
      volume         = "A522",
      year           = "2004",
      pages          = "252",
      doi            = "10.1016/j.nima.2003.11.414",
}

@article{MCGlauber,
	author    = "Abelev, B.I. and others",
        collaboration  = "STAR",
	journal   = "Phys. Rev. C",
	volume   = "79",
	year       = "2009",
	pages    = "034909",
	doi       = "10.1103/PhysRevC.79.034909",
}

@article{TMVA,
      author         = "Voss, Helge and others",
      title          = "{TMVA - Toolkit for Multivariate Data Analysis}",
      journal        = "PoS",
      volume         = "ACAT",
      year           = "2007",
      pages          = "040",
      NOeprint         = "physics/0703039",
      archivePrefix  = "arXiv",
      primaryClass   = "PHYSICS",
      reportNumber   = "CERN-OPEN-2007-007",
}

@Article{Poskanzer98,
     author    = "Poskanzer, Arthur M. and Voloshin, S. A.",
     title     = "{Methods for analyzing anisotropic flow in relativistic
                  nuclear  collisions}",
     journal   = "Phys. Rev. C",
     volume    = "58",
     year      = "1998",
     pages     = "1671-1678",
     NOeprint    = "nucl-ex/9805001",
     archivePrefix = "arXiv",
     doi       = "10.1103/PhysRevC.58.1671",
}

@article{Masui:2012zh,
      author         = "Masui, Hiroshi and Schmah, Alexander and Poskanzer, Arthur M.",
      title          = "{Event plane resolution correction for azimuthal
                        anisotropy in wide centrality bins}",
      journal       = "Nucl. Instrum. Meth.",
      volume      = "A833",
      year           = "2016",
      pages        = "181",
      doi             = "10.1016/j.nima.2016.07.037",
      NOeprint         = "1212.3650",
      archivePrefix  = "arXiv",
      primaryClass   = "nucl-ex",
}

@article{GRECO2004202,
title = "Quark coalescence for charmed mesons in ultrarelativistic heavy-ion collisions",
journal = "Phys. Lett. B",
volume = "595",
number = "1",
pages = "202 - 208",
year = "2004",
issn = "0370-2693",
doi = "https://doi.org/10.1016/j.physletb.2004.06.064",
url = "http://www.sciencedirect.com/science/article/pii/S0370269304009037",
author = "V. Greco and C.M. Ko and R. Rapp",
}

@article{Nasim:2016,
    author      = "Esha, Roli and Nasim, Md. and Huang, Huanzhong",
    title       = "{Insight from elliptic flow of open charm mesons using quark
                coalescence model at RHIC and LHC energies}",
    year        = 2016,
    eprint      = "1603.02700",
    archivePrefix = "arXiv",
    primaryClass  = "nucl-th",
}

@article{FONLL,
    author		= "Cacciari, Matteo and Nason, Paolo and Vogt, Ramona",
    title		= "{QCD Predictions for Charm and Bottom Quark Production at RHIC}",
    journal		= "Phys. Rev. Lett.",
    volume 		= "95",
    pages		= "122001",
    year		= "2005",
    howpublished = "{\burl{http://www.lpthe.jussieu.fr/~cacciari/fonll/fonllform.html}}",
    url          	= "http://www.lpthe.jussieu.fr/~cacciari/fonll/fonllform.html",
}
 
 @article{Bilandzic:2010jr,
      author         = "Bilandzic, Ante and Snellings, Raimond and Voloshin,
                        Sergei",
      title          = "{Flow analysis with cumulants: Direct calculations}",
      journal        = "Phys. Rev.",
      volume         = "C83",
      pages          = "044913",
      doi            = "10.1103/PhysRevC.83.044913",
      year           = "2011",
      eprint         = "1010.0233",
      archivePrefix  = "arXiv",
      primaryClass   = "nucl-ex",
}

@article{NCQscaling,
      author         = "Molnar, Denes and Voloshin, Sergei",
      title          = "{Elliptic Flow at Large Transverse Momenta from Quark Coalescence}",
      journal        = "Phys. Rev. Lett.",
      volume         = "91",
      pages          = "092301",
      doi            = "10.1103/PhysRevLett.91.092301",
      year           = "2003",
}

@article{PHENIXmTscaling,
      author         = "Afanasiev, S. and others",
      title          = "{Elliptic flow for $\phi$ mesons and (anti)deuterons in Au+Au collisions at $\sqrt{s_{\rm NN}}$ = 200\,GeV}",
      collaboration  = "PHENIX",
      journal        = "Phys. Rev. Lett.",
      volume         = "99",
      pages          = "052301",
      doi            = "10.1103/PhysRevLett.99.052301",
      year           = "2007",
}

@article{STAReh,
    author       = "Aggarwal, M.M. and others",
    title           = "{Measurement of Bottom Versus Charm as a Function of Transverse Momentum with Electron-Hadron Correlations in p+p collisions at 200\,GeV}",
    collaboration = "STAR",
      journal        = "Phys. Rev. Lett.",
      volume         = "105",
      pages          = "202301",
      doi            = "10.1103/PhysRevLett.105.202301",
      year           = "2010",
}

@article{ANDRONIC200336,
title = "Statistical hadronization of charm in heavy-ion collisions at SPS, RHIC and LHC",
journal = "Phys. Lett. B",
volume = "571",
number = "1",
pages = "36 - 44",
year = "2003",
issn = "0370-2693",
doi = "https://doi.org/10.1016/j.physletb.2003.07.066",
url = "http://www.sciencedirect.com/science/article/pii/S0370269303011535",
author = "A Andronic and others",
keywords = "Statistical hadronization, Open and hidden charm hadrons, / suppression or enhancement",
}

    
@article{PHENIXecb,
    author       = "Adare, A. and others",
    title           = "{Single electron yields from semileptonic charm and bottom hadron decays in Au+Au collisions at $\sqrt{s_{_NN}}$ = 200\,GeV}",
    collaboration = "PHENIX",
      journal        = "Phys. Rev. C",
      volume         = "93",
      pages          = "034904",
      doi            = "10.1103/PhysRevC.93.034904",
      year           = "2016",
}
    
@article{Schnedermann:1993ws,
      author         = "Schnedermann, Ekkard and others",
      title          = "{Thermal phenomenology of hadrons from 200-A/GeV S+S collisions}",
      journal        = "Phys. Rev. C",
      volume         = "48",
      year           = "1993",
      pages          = "2462-2475",
      doi            = "10.1103/PhysRevC.48.2462",
      NOeprint         = "nucl-th/9307020",
      archivePrefix  = "arXiv",
      primaryClass   = "nucl-th",
      reportNumber   = "TPR-93-16",
      SLACcitation   = "%%CITATION = NUCL-TH/9307020;%%"
}

@article{Tang:2008ud,
      author         = "Tang, Zebo and others",
      title          = "{Spectra and radial flow at RHIC with Tsallis statistics
                        in a Blast-Wave description}",
      journal        = "Phys. Rev. C",
      volume         = "79",
      year           = "2009",
      pages          = "051901",
      doi            = "10.1103/PhysRevC.79.051901",
      NOeprint         = "0812.1609",
      archivePrefix  = "arXiv",
      primaryClass   = "nucl-ex",
      reportNumber   = "BNL-KB-02-02",
      SLACcitation   = "%%CITATION = ARXIV:0812.1609;%%"
}

@article{Xu:2017obm,
      author         = "Xu, Yingru and others",
      title          = "{A data-driven analysis for the temperature and momentum
                        dependence of the heavy quark diffusion coefficient in
                        relativistic heavy-ion collisions}",
  journal = "Phys. Rev. C",
  volume = "97",
  issue = "1",
  pages = "014907",
  numpages = "14",
  year = "2018",
  month = "Jan",
  publisher = "American Physical Society",
  doi = "10.1103/PhysRevC.97.014907",
  url = "https://link.aps.org/doi/10.1103/PhysRevC.97.014907",
}

@article{Cao:2016gvr,
      author         = "Cao, Shanshan and others",
      title          = "{Linearized Boltzmann transport model for jet propagation
                        in the quark-gluon plasma: Heavy quark evolution}",
      journal        = "Phys. Rev. C",
      volume         = "94",
      year           = "2016",
      number         = "1",
      pages          = "014909",
      doi            = "10.1103/PhysRevC.94.014909",
      NOeprint         = "1605.06447",
      archivePrefix  = "arXiv",
      primaryClass   = "nucl-th",
      SLACcitation   = "%%CITATION = ARXIV:1605.06447;%%"
}

@MISC{LBT:private,
	 author = "Cao, Shanshan",
     title = "",
     howpublished = "private communication",
}

@article{Oh2009,
  author = "Oh, Yongseok and others",
  doi = "10.1103/PhysRevC.79.044905",
  issn = "05562813",
  journal = "Phys. Rev. C",
  number = "4",
  pages = "1--10",
  title = "{Ratios of heavy baryons to heavy mesons in relativistic nucleus-nucleus collisions}",
  volume = "79",
  year = "2009"
}

@article{He2013,
      author         = "He, Min and Fries, Rainer J. and Rapp, Ralf",
      title          = "{$\mathbf{D_s}$-Meson as Quantitative Probe of Diffusion
                        and Hadronization in Nuclear Collisions}",
      journal = "Phys. Rev. Lett.",
      volume = "110",
      issue = "11",
      pages = "112301",
      numpages = "5",
      year = "2013",
      month = "Mar",
      publisher = "American Physical Society",
      doi = "10.1103/PhysRevLett.110.112301",
      url = "https://link.aps.org/doi/10.1103/PhysRevLett.110.112301",
}
    
@article{Adams2006_Identified,
  author = "Abelev, B. I. and others",
  collaboration  = "STAR",
  title = "{Identified baryon and meson distributions at large transverse momenta from Au+Au collisions at $\sqrt{s_{_NN}}$ = 200a GeV}",
  journal = "Phys. Rev. Lett.",
  volume = "97",
  issue = "15",
  pages = "152301",
  numpages = "6",
  year = "2006",
  month = "Oct",
  publisher = "American Physical Society",
  doi = "10.1103/PhysRevLett.97.152301",
  url = "https://link.aps.org/doi/10.1103/PhysRevLett.97.152301",
  }

@article{Abelev2009,
  author = "Abelev, B I and others",
        collaboration  = "STAR",
  title = "{Measurements of $\phi$ meson production in relativistic heavy-ion collisions at the BNL Relativistic Heavy Ion Collider}",
  journal = "Phys. Rev. C",
  volume = "79",
  issue = "6",
  pages = "064903",
  numpages = "20",
  year = "2009",
  month = "Jun",
  publisher = "American Physical Society",
  doi = "10.1103/PhysRevC.79.064903",
  url = "https://link.aps.org/doi/10.1103/PhysRevC.79.064903",
  }

@article{Agakishiev2012,
  author = "Agakishiev, G and others",
        collaboration  = "STAR",
  title = "{Strangeness Enhancement in Cu-Cu and Au-Au Collisions at $\sqrt{s_{_NN}}$ = 200 GeV}",
  journal = "Phys. Rev. Lett.",
  volume = "108",
  issue = "7",
  pages = "072301",
  numpages = "6",
  year = "2012",
  month = "Feb",
  publisher = "American Physical Society",
  doi = "10.1103/PhysRevLett.108.072301",
  url = "https://link.aps.org/doi/10.1103/PhysRevLett.108.072301",
  }

@article{Alice_hadron_RAA,
  title = "Centrality dependence of charged particle production at large transverse momentum in PbPb collisions at sNN=2.76Â TeV",
  journal = "Phys. Lett. B",
  volume = "720",
  number = "1",
  pages = "52 - 62",
  year = "2013",
  issn = "0370-2693",
  doi = "https://doi.org/10.1016/j.physletb.2013.01.051",
  url = "http://www.sciencedirect.com/science/article/pii/S0370269313000920",
  author = "B. Abelev and others",
        collaboration  = "ALICE",
}

@article{PhenixPi0,
  title = "Suppression Pattern of Neutral Pions at High Transverse Momentum in $\mathrm{Au}+\mathrm{Au}$ Collisions at $\sqrt{{s}_{NN}}=200\text{ }\text{ }\mathrm{GeV}$ and Constraints on Medium Transport Coefficients",
  author = "Adare, A. and others", 
  collaboration = "PHENIX",
  journal = "Phys. Rev. Lett.",
  volume = "101",
  issue = "23",
  pages = "232301",
  numpages = "7",
  year = "2008",
  month = "Dec",
  publisher = "American Physical Society",
  doi = "10.1103/PhysRevLett.101.232301",
  url = "https://link.aps.org/doi/10.1103/PhysRevLett.101.232301"
 }

@article{StarPi0,
author = "B.I. Abelev and others",
title = "{Energy dependence of π±, p and p¯ transverse momentum spectra for Au+Au collisions at sNN=62.4 and 200 GeV}",
collaboration = "STAR",
journal = "Phys. Lett. B",
volume = "655",
number = "3",
pages = "104 - 113",
year = "2007",
issn = "0370-2693",
doi = "https://doi.org/10.1016/j.physletb.2007.06.035",
url = "http://www.sciencedirect.com/science/article/pii/S037026930700679X"
}

@article{urQMD,
  author="M Bleicher and others",
  title="Relativistic hadron-hadron collisions in the ultra-relativistic quantum molecular dynamics model",
  journal="J. Phys. G",
  volume="25",
  number="9",
  pages="1859",
  url="http://stacks.iop.org/0954-3899/25/i=9/a=308",
  year="1999"
}
  
@article{Csorgo:1995bi,
      author         = "Csorgo, T. and Lorstad, B.",
      title          = "{Bose-Einstein correlations for three-dimensionally
                        expanding, cylindrically symmetric, finite systems}",
      journal        = "Phys. Rev. C",
      volume         = "54",
      year           = "1996",
      pages          = "1390-1403",
      doi            = "10.1103/PhysRevC.54.1390",
      NOeprint         = "hep-ph/9509213",
      archivePrefix  = "arXiv",
      primaryClass   = "hep-ph",
      reportNumber   = "LUNFD6-NFFL-7082-REV, LUNFD6-NFFL-7082",
      SLACcitation   = "%%CITATION = HEP-PH/9509213;%%"
}

@article{Kolb:2003dz,
      author         = "Kolb, Peter F. and Heinz, Ulrich W.",
      title          = "{Hydrodynamic description of ultrarelativistic heavy ion
                        collisions}",
      journal        = "Quark Gluon Plasma 3",
      year           = "2003",
      pages          = "634-714",
      NOeprint         = "nucl-th/0305084",
      archivePrefix  = "arXiv",
      primaryClass   = "nucl-th",
      reportNumber   = "SUNY-NTG-03-06",
      SLACcitation   = "%%CITATION = NUCL-TH/0305084;%%"
}

@phdthesis{Kaneta:1999lnf,
      author         = "Kaneta, Masashi",
      title          = "{Thermal and Chemical Freeze-out in Heavy Ion
                        Collisions}",
      school         = "Hiroshima U.",
      year           = "1999",
      url            = "https://www.phenix.bnl.gov/~kaneta/phd_thesis/phd.pdf",
      SLACcitation   = "%%CITATION = INSPIRE-1468214;%%"
}

@article{Adams:2003xp,
      author         = "Adams, J. and others",
      title          = "{Identified particle distributions in pp and Au+Au
                        collisions at s(NN)**(1/2) = 200 GeV}",
      collaboration  = "STAR",
      journal        = "Phys. Rev. Lett.",
      volume         = "92",
      year           = "2004",
      pages          = "112301",
      doi            = "10.1103/PhysRevLett.92.112301",
      NOeprint         = "nucl-ex/0310004",
      archivePrefix  = "arXiv",
      primaryClass   = "nucl-ex",
      SLACcitation   = "%%CITATION = NUCL-EX/0310004;%%"
}

@article{Abelev:2007rw,
      author         = "Abelev, B. I. and others",
      title          = "{Partonic flow and phi-meson production in Au + Au
                        collisions at s(NN)**(1/2) = 200-GeV}",
      collaboration  = "STAR",
      journal        = "Phys. Rev. Lett.",
      volume         = "99",
      year           = "2007",
      pages          = "112301",
      doi            = "10.1103/PhysRevLett.99.112301",
      NOeprint         = "nucl-ex/0703033",
      archivePrefix  = "arXiv",
      primaryClass   = "NUCL-EX",
      SLACcitation   = "%%CITATION = NUCL-EX/0703033;%%"
}

@article{Adams:2006ke,
      author         = "Adams, J. and others",
      title          = "{Scaling Properties of Hyperon Production in Au+Au
                        Collisions at s**(1/2) = 200-GeV}",
      collaboration  = "STAR",
      journal        = "Phys. Rev. Lett.",
      volume         = "98",
      year           = "2007",
      pages          = "062301",
      doi            = "10.1103/PhysRevLett.98.062301",
      NOeprint         = "nucl-ex/0606014",
      archivePrefix  = "arXiv",
      primaryClass   = "nucl-ex",
      SLACcitation   = "%%CITATION = NUCL-EX/0606014;%%"
}

@article{Adamczyk:2013tvk,
      author         = "Adamczyk, L. and others",
      title          = "{$J/\psi$ production at low $p_T$ in Au + Au and
                        Cu + Cu collisions at $\sqrt{s_{NN}}=200$ GeV with the
                        STAR detector}",
      collaboration  = "STAR",
      journal        = "Phys. Rev. C",
      volume         = "90",
      year           = "2014",
      number         = "2",
      pages          = "024906",
      doi            = "10.1103/PhysRevC.90.024906",
      NOeprint         = "1310.3563",
      archivePrefix  = "arXiv",
      primaryClass   = "nucl-ex",
      SLACcitation   = "%%CITATION = ARXIV:1310.3563;%%"
}

@article{Adamczyk:2017iwn,
      author         = "Adamczyk, L. and others",
      title          = "{Bulk Properties of the Medium Produced in Relativistic
                        Heavy-Ion Collisions from the Beam Energy Scan Program}",
      collaboration  = "STAR",
      journal        = "Phys. Rev. C",
      volume         = "96",
      year           = "2017",
      number         = "4",
      pages          = "044904",
      doi            = "10.1103/PhysRevC.96.044904",
      NOeprint         = "1701.07065",
      archivePrefix  = "arXiv",
      primaryClass   = "nucl-ex",
      SLACcitation   = "%%CITATION = ARXIV:1701.07065;%%"
}

@article{Bazavov:2011nk,
      author         = "Bazavov, A. and others",
      title          = "{The chiral and deconfinement aspects of the QCD
                        transition}",
      journal        = "Phys. Rev. D",
      volume         = "85",
      year           = "2012",
      pages          = "054503",
      doi            = "10.1103/PhysRevD.85.054503",
      NOeprint         = "1111.1710",
      archivePrefix  = "arXiv",
      primaryClass   = "hep-lat",
      SLACcitation   = "%%CITATION = ARXIV:1111.1710;%%"
}

@article{Cao:2018ews,
      author         = "Cao, Shanshan and others",
      title          = "{Towards the extraction of heavy-quark transport
                        coefficients in quark-gluon plasma}",
      year           = "2018",
      eprint         = "1809.07894",
      archivePrefix  = "arXiv",
      primaryClass   = "nucl-th",
      SLACcitation   = "%%CITATION = ARXIV:1809.07894;%%"
}

@article{Rapp:2018qla,
      author         = "R. Rapp and others",
      editor         = "Rapp, R. and Gossiaux, P. B. and Andronic, A. and
                        Averbeck, R. and Masciocchi, S.",
      title          = "{Extraction of Heavy-Flavor Transport Coefficients in QCD
                        Matter}",
      journal        = "Nucl. Phys.",
      volume         = "A979",
      year           = "2018",
      pages          = "21-86",
      doi            = "10.1016/j.nuclphysa.2018.09.002",
      NOeprint         = "1803.03824",
      archivePrefix  = "arXiv",
      primaryClass   = "nucl-th",
      SLACcitation   = "%%CITATION = ARXIV:1803.03824;%%"
}

@article{Zhao:2018jlw,
      author         = "Zhao, Jiaxing and others",
      title          = "{Sequential Coalescence with Charm Conservation in High
                        Energy Nuclear Collisions}",
      year           = "2018",
      eprint         = "1805.10858",
      archivePrefix  = "arXiv",
      primaryClass   = "hep-ph",
      SLACcitation   = "%%CITATION = ARXIV:1805.10858;%%"
}

@article{Plumari:2017ntm,

      author         = "Plumari, Salvatore and others",
      title          = "{Charmed Hadrons from Coalescence plus Fragmentation in
                        relativistic nucleus-nucleus collisions at RHIC and LHC}",
      journal        = "Eur. Phys. J.",
      volume         = "C78",
      year           = "2018",
      number         = "4",
      pages          = "348",
      doi            = "10.1140/epjc/s10052-018-5828-7",
      NOeprint         = "1712.00730",
      archivePrefix  = "arXiv",
      primaryClass   = "hep-ph",
      SLACcitation   = "%%CITATION = ARXIV:1712.00730;%%"
}

@article{Kalman,
author = {Kalman, R E},
title = {{A New Approach to Linear Filtering and Prediction Problems}},
journal = {Journal of Basic Engineering},
year = {1960},
volume = {82},
number = {1},
pages = {35--45},
annote = {10.1115/1.3662552}
}

@article{PhysRevC.88.014902,
  title = {Elliptic flow of identified hadrons in Au+Au collisions at $\sqrt{{s}_{\mathit{NN}}}=7.7$--62.4 GeV},
  author = {Adamczyk, L. and others},
  collaboration = {STAR Collaboration},
  journal = {Phys. Rev. C},
  volume = {88},
  issue = {1},
  pages = {014902},
  numpages = {25},
  year = {2013},
  month = {Jul},
  publisher = {American Physical Society},
  doi = {10.1103/PhysRevC.88.014902},
  url = {https://link.aps.org/doi/10.1103/PhysRevC.88.014902}
}

@article{Smirnov_2017,
	doi = {10.1088/1742-6596/898/4/042058},
	url = {https://doi.org/10.1088%2F1742-6596%2F898%2F4%2F042058},
	year = 2017,
	month = {oct},
	publisher = {{IOP} Publishing},
	volume = {898},
	pages = {042058},
	author = {D. Smirnov and others},
	title = {Vertex Reconstruction at {STAR}: Overview and Performance Evaluation},
	journal = {Journal of Physics: Conference Series}
}

@article{GEANTFLUKA,
    author = "Fasso A. and others",
    title  = "{FLUKA present status and future developments}",
    booktitle= "Proc. IV Int. Conf. on Calorimetry in High Energy Physics, La Biodola (Italy)",
    month=" 21-26 September",
    year="1993",
    editor="Ed. A. Menzione and A. Scribano",
    publisher=" World Scientific",
    pages  = "493-502"
}

